<?xml version="1.0" encoding="UTF-8"?>
<!DOCTYPE html PUBLIC "-//W3C//DTD XHTML 1.0 Transitional//EN"
    "http://www.w3.org/TR/xhtml1/DTD/xhtml1-transitional.dtd">
<html xmlns="http://www.w3.org/1999/xhtml" xml:lang="en" lang="en">
 <head>
  <title>
</title>
<meta http-equiv="Content-Type" content="text/html;charset=utf-8" />
  <meta name='ocr-system' content='tesseract 3.04.00' />
  <meta name='ocr-capabilities' content='ocr_page ocr_carea ocr_par ocr_line ocrx_word'/>
</head>
<body>
  <div class='ocr_page' id='page_1' title='image "./deaeschylicopia00alygoog_0022.png"; bbox 0 0 3188 5062; ppageno 0'>
   <div class='ocr_carea' id='block_1_1' title="bbox 683 266 903 330">
    <p class='ocr_par' dir='ltr' id='par_1_1' title="bbox 683 266 903 330">
     <span class='ocr_line' id='line_1_1' title="bbox 683 266 903 330; baseline 0.005 -17"><span class='ocrx_word' id='word_1_1' title='bbox 683 266 903 330; x_wconf 78' lang='lat'>..11-</span> 
     </span>
    </p>
   </div>
   <div class='ocr_carea' id='block_1_2' title="bbox 156 441 1434 2034">
    <p class='ocr_par' dir='ltr' id='par_1_2' title="bbox 156 441 1433 1605">
     <span class='ocr_line' id='line_1_2' title="bbox 156 441 1430 530; baseline -0.001 -18"><span class='ocrx_word' id='word_1_2' title='bbox 156 448 250 530; x_wconf 86' lang='lat' dir='ltr'>gesta</span> <span class='ocrx_word' id='word_1_3' title='bbox 283 443 343 512; x_wconf 89' lang='lat' dir='ltr'>suh</span> <span class='ocrx_word' id='word_1_4' title='bbox 370 461 434 511; x_wconf 91' lang='lat' dir='ltr'>uno</span> <span class='ocrx_word' id='word_1_5' title='bbox 462 448 635 526; x_wconf 88' lang='lat' dir='ltr'>conspectu</span> <span class='ocrx_word' id='word_1_6' title='bbox 665 443 886 510; x_wconf 84' lang='lat' dir='ltr'>collocaretur.</span> <span class='ocrx_word' id='word_1_7' title='bbox 935 444 1040 527; x_wconf 84' lang='lat' dir='ltr'>htqnc</span> <span class='ocrx_word' id='word_1_8' title='bbox 1069 442 1131 510; x_wconf 91' lang='lat' dir='ltr'>nisi</span> <span class='ocrx_word' id='word_1_9' title='bbox 1165 442 1225 510; x_wconf 93' lang='lat' dir='ltr'>hoc</span> <span class='ocrx_word' id='word_1_10' title='bbox 1259 441 1353 510; x_wconf 90' lang='lat' dir='ltr'>modo</span> <span class='ocrx_word' id='word_1_11' title='bbox 1390 441 1430 512; x_wconf 85' lang='lat' dir='ltr'>de</span> 
     </span>
     <span class='ocr_line' id='line_1_3' title="bbox 156 552 1431 637; baseline -0.002 -16"><span class='ocrx_word' id='word_1_12' title='bbox 156 554 281 637; x_wconf 93' lang='lat' dir='ltr'>origine</span> <span class='ocrx_word' id='word_1_13' title='bbox 317 557 351 619; x_wconf 90' lang='lat' dir='ltr'>et</span> <span class='ocrx_word' id='word_1_14' title='bbox 384 553 493 635; x_wconf 89' lang='lat' dir='ltr'>patria</span> <span class='ocrx_word' id='word_1_15' title='bbox 527 552 756 619; x_wconf 84' lang='lat' dir='ltr'>vocabulorum</span> <span class='ocrx_word' id='word_1_16' title='bbox 791 553 871 618; x_wconf 88' lang='lat' dir='ltr'>certi</span> <span class='ocrx_word' id='word_1_17' title='bbox 907 554 1079 636; x_wconf 90' lang='lat' dir='ltr'>quicquam</span> <span class='ocrx_word' id='word_1_18' title='bbox 1114 553 1212 619; x_wconf 88' lang='lat' dir='ltr'>statui</span> <span class='ocrx_word' id='word_1_19' title='bbox 1241 571 1304 617; x_wconf 95' lang='lat' dir='ltr'>non</span> <span class='ocrx_word' id='word_1_20' title='bbox 1336 570 1431 634; x_wconf 87' lang='lat' dir='ltr'>posse</span> 
     </span>
     <span class='ocr_line' id='line_1_4' title="bbox 156 660 1432 744; baseline -0.002 -16"><span class='ocrx_word' id='word_1_21' title='bbox 156 662 251 728; x_wconf 92' lang='lat' dir='ltr'>nobis</span> <span class='ocrx_word' id='word_1_22' title='bbox 275 679 465 743; x_wconf 88' lang='lat' dir='ltr'>persuasum</span> <span class='ocrx_word' id='word_1_23' title='bbox 489 665 549 728; x_wconf 90' lang='lat' dir='ltr'>est.</span> <span class='ocrx_word' id='word_1_24' title='bbox 584 660 726 727; x_wconf 78' lang='lat' dir='ltr'><strong>Profecti</strong></span> <span class='ocrx_word' id='word_1_25' title='bbox 750 664 857 727; x_wconf 87' lang='lat' dir='ltr'>autern</span> <span class='ocrx_word' id='word_1_26' title='bbox 881 680 901 727; x_wconf 92' lang='lat' dir='ltr'>a</span> <span class='ocrx_word' id='word_1_27' title='bbox 924 661 1113 744; x_wconf 83' lang='lat' dir='ltr'>colligendis</span> <span class='ocrx_word' id='word_1_28' title='bbox 1141 661 1180 725; x_wconf 88' lang='lat' dir='ltr'>iis</span> <span class='ocrx_word' id='word_1_29' title='bbox 1203 661 1319 739; x_wconf 80' lang='lat' dir='ltr'>verbio,</span> <span class='ocrx_word' id='word_1_30' title='bbox 1350 679 1432 743; x_wconf 89' lang='lat' dir='ltr'>quae</span> 
     </span>
     <span class='ocr_line' id='line_1_5' title="bbox 157 767 1430 852; baseline -0.002 -18"><span class='ocrx_word' id='word_1_31' title='bbox 157 768 337 835; x_wconf 92' lang='lat' dir='ltr'>communia</span> <span class='ocrx_word' id='word_1_32' title='bbox 371 769 504 852; x_wconf 79' lang='lat' dir='ltr'>tragicis</span> <span class='ocrx_word' id='word_1_33' title='bbox 538 769 643 852; x_wconf 89' lang='lat' dir='ltr'>poetis</span> <span class='ocrx_word' id='word_1_34' title='bbox 680 787 751 833; x_wconf 89' lang='lat' dir='ltr'>cum</span> <span class='ocrx_word' id='word_1_35' title='bbox 785 768 985 849; x_wconf 84' lang='lat' dir='ltr'>Archilocho,</span> <span class='ocrx_word' id='word_1_36' title='bbox 1016 769 1192 850; x_wconf 84' lang='lat' dir='ltr'>Herodoto,</span> <span class='ocrx_word' id='word_1_37' title='bbox 1221 767 1430 851; x_wconf 87' lang='lat' dir='ltr'>Hippocrate,</span> 
     </span>
     <span class='ocr_line' id='line_1_6' title="bbox 158 874 1430 958; baseline 0.001 -17"><span class='ocrx_word' id='word_1_38' title='bbox 158 876 275 942; x_wconf 88' lang='lat' dir='ltr'>ceteris</span> <span class='ocrx_word' id='word_1_39' title='bbox 298 875 427 942; x_wconf 87' lang='lat' dir='ltr'>Ionicae</span> <span class='ocrx_word' id='word_1_40' title='bbox 451 875 582 942; x_wconf 90' lang='lat' dir='ltr'>dialecti</span> <span class='ocrx_word' id='word_1_41' title='bbox 607 874 793 942; x_wconf 87' lang='lat' dir='ltr'>auctoribus</span> <span class='ocrx_word' id='word_1_42' title='bbox 816 894 921 958; x_wconf 86' lang='lat' dir='ltr'>noque</span> <span class='ocrx_word' id='word_1_43' title='bbox 945 875 1023 941; x_wconf 89' lang='lat' dir='ltr'>alibi</span> <span class='ocrx_word' id='word_1_44' title='bbox 1044 877 1167 942; x_wconf 88' lang='lat' dir='ltr'>usitata</span> <span class='ocrx_word' id='word_1_45' title='bbox 1183 881 1267 956; x_wconf 91' lang='lat' dir='ltr'>sunt,</span> <span class='ocrx_word' id='word_1_46' title='bbox 1293 877 1430 958; x_wconf 89' lang='lat' dir='ltr'>primum</span> 
     </span>
     <span class='ocr_line' id='line_1_7' title="bbox 158 973 1432 1068; baseline 0.001 -20"><span class='ocrx_word' id='word_1_47' title='bbox 158 985 287 1066; x_wconf 91' lang='lat' dir='ltr'>quidem</span> <span class='ocrx_word' id='word_1_48' title='bbox 317 1003 355 1050; x_wconf 83' lang='lat' dir='ltr'>ex</span> <span class='ocrx_word' id='word_1_49' title='bbox 385 983 446 1048; x_wconf 92' lang='lat' dir='ltr'>hac</span> <span class='ocrx_word' id='word_1_50' title='bbox 470 973 664 1050; x_wconf 83' lang='lat' dir='ltr'>collectione</span> <span class='ocrx_word' id='word_1_51' title='bbox 682 1003 720 1049; x_wconf 86' lang='lat' dir='ltr'>aa</span> <span class='ocrx_word' id='word_1_52' title='bbox 744 984 927 1065; x_wconf 71' lang='lat' dir='ltr'>exemimus</span> <span class='ocrx_word' id='word_1_53' title='bbox 964 984 1080 1068; x_wconf 90' lang='lat' dir='ltr'>quibus</span> <span class='ocrx_word' id='word_1_54' title='bbox 1104 989 1194 1049; x_wconf 88' lang='lat' dir='ltr'>certa</span> <span class='ocrx_word' id='word_1_55' title='bbox 1217 984 1345 1049; x_wconf 90' lang='lat' dir='ltr'>lonicae</span> <span class='ocrx_word' id='word_1_56' title='bbox 1369 984 1432 1049; x_wconf 90' lang='lat' dir='ltr'>ori·</span> 
     </span>
     <span class='ocr_line' id='line_1_8' title="bbox 158 1091 1433 1175; baseline 0 -20"><span class='ocrx_word' id='word_1_57' title='bbox 158 1091 243 1174; x_wconf 88' lang='lat' dir='ltr'>ginis</span> <span class='ocrx_word' id='word_1_58' title='bbox 281 1091 374 1175; x_wconf 89' lang='lat' dir='ltr'>signa</span> <span class='ocrx_word' id='word_1_59' title='bbox 408 1091 565 1173; x_wconf 89' lang='lat' dir='ltr'>impressa</span> <span class='ocrx_word' id='word_1_60' title='bbox 594 1110 665 1157; x_wconf 90' lang='lat' dir='ltr'>esse</span> <span class='ocrx_word' id='word_1_61' title='bbox 692 1092 896 1157; x_wconf 83' lang='lat' dir='ltr'>uidebantur.</span> <span class='ocrx_word' id='word_1_62' title='bbox 943 1092 1022 1158; x_wconf 89' lang='lat' dir='ltr'>Tum</span> <span class='ocrx_word' id='word_1_63' title='bbox 1046 1092 1087 1159; x_wconf 86' lang='lat' dir='ltr'>ah</span> <span class='ocrx_word' id='word_1_64' title='bbox 1111 1092 1160 1157; x_wconf 91' lang='lat' dir='ltr'>his</span> <span class='ocrx_word' id='word_1_65' title='bbox 1185 1112 1224 1157; x_wconf 89' lang='lat' dir='ltr'>ea</span> <span class='ocrx_word' id='word_1_66' title='bbox 1247 1091 1334 1157; x_wconf 88' lang='lat' dir='ltr'>illius</span> <span class='ocrx_word' id='word_1_67' title='bbox 1359 1109 1433 1157; x_wconf 93' lang='lat' dir='ltr'>con·</span> 
     </span>
     <span class='ocr_line' id='line_1_9' title="bbox 159 1199 1432 1283; baseline -0.001 -19"><span class='ocrx_word' id='word_1_68' title='bbox 159 1200 260 1281; x_wconf 86' lang='lat' dir='ltr'>geriei</span> <span class='ocrx_word' id='word_1_69' title='bbox 284 1200 383 1265; x_wconf 85' lang='lat' dir='ltr'>verba</span> <span class='ocrx_word' id='word_1_70' title='bbox 407 1217 576 1266; x_wconf 85' lang='lat' dir='ltr'>secernere</span> <span class='ocrx_word' id='word_1_71' title='bbox 600 1201 706 1265; x_wconf 89' lang='lat' dir='ltr'>conati</span> <span class='ocrx_word' id='word_1_72' title='bbox 730 1218 850 1275; x_wconf 88' lang='lat' dir='ltr'>sumus,</span> <span class='ocrx_word' id='word_1_73' title='bbox 873 1218 956 1283; x_wconf 90' lang='lat' dir='ltr'>quae</span> <span class='ocrx_word' id='word_1_74' title='bbox 980 1218 1050 1265; x_wconf 89' lang='lat' dir='ltr'>cum</span> <span class='ocrx_word' id='word_1_75' title='bbox 1074 1201 1142 1265; x_wconf 85' lang='lat' dir='ltr'>veri</span> <span class='ocrx_word' id='word_1_76' title='bbox 1167 1199 1303 1283; x_wconf 90' lang='lat' dir='ltr'>quadam</span> <span class='ocrx_word' id='word_1_77' title='bbox 1325 1199 1432 1280; x_wconf 87' lang='lat' dir='ltr'>specie</span> 
     </span>
     <span class='ocr_line' id='line_1_10' title="bbox 158 1306 1433 1392; baseline -0.004 -18"><span class='ocrx_word' id='word_1_78' title='bbox 158 1310 286 1392; x_wconf 91' lang='lat' dir='ltr'>priscae</span> <span class='ocrx_word' id='word_1_79' title='bbox 316 1306 444 1371; x_wconf 84' lang='lat' dir='ltr'>Atthidi</span> <span class='ocrx_word' id='word_1_80' title='bbox 472 1307 686 1373; x_wconf 85' lang='lat' dir='ltr'>vindicantur.</span> <span class='ocrx_word' id='word_1_81' title='bbox 738 1306 850 1390; x_wconf 88' lang='lat' dir='ltr'>Neque</span> <span class='ocrx_word' id='word_1_82' title='bbox 885 1312 992 1372; x_wconf 89' lang='lat' dir='ltr'>tamen</span> <span class='ocrx_word' id='word_1_83' title='bbox 1029 1308 1062 1373; x_wconf 95' lang='lat' dir='ltr'>id</span> <span class='ocrx_word' id='word_1_84' title='bbox 1097 1307 1230 1391; x_wconf 84' lang='lat' dir='ltr'>egimus,</span> <span class='ocrx_word' id='word_1_85' title='bbox 1266 1312 1303 1371; x_wconf 90' lang='lat' dir='ltr'>ut</span> <span class='ocrx_word' id='word_1_86' title='bbox 1337 1325 1433 1389; x_wconf 91' lang='lat' dir='ltr'>quam</span> 
     </span>
     <span class='ocr_line' id='line_1_11' title="bbox 158 1413 1432 1500; baseline -0.002 -20"><span class='ocrx_word' id='word_1_87' title='bbox 158 1416 369 1500; x_wconf 89' lang='lat' dir='ltr'>plurimorum</span> <span class='ocrx_word' id='word_1_88' title='bbox 393 1414 563 1481; x_wconf 85' lang='lat' dir='ltr'>verborum</span> <span class='ocrx_word' id='word_1_89' title='bbox 588 1416 627 1481; x_wconf 88' lang='lat' dir='ltr'>de</span> <span class='ocrx_word' id='word_1_90' title='bbox 652 1415 775 1496; x_wconf 89' lang='lat' dir='ltr'>origine</span> <span class='ocrx_word' id='word_1_91' title='bbox 800 1420 1024 1496; x_wconf 68' lang='lat' dir='ltr'>tractaremus</span> <span class='ocrx_word' id='word_1_92' title='bbox 1061 1417 1118 1481; x_wconf 90' lang='lat' dir='ltr'>sed</span> <span class='ocrx_word' id='word_1_93' title='bbox 1140 1422 1178 1480; x_wconf 89' lang='lat' dir='ltr'>ut</span> <span class='ocrx_word' id='word_1_94' title='bbox 1201 1433 1296 1498; x_wconf 89' lang='lat' dir='ltr'>quam</span> <span class='ocrx_word' id='word_1_95' title='bbox 1321 1413 1432 1479; x_wconf 89' lang='lat' dir='ltr'>certis·</span> 
     </span>
     <span class='ocr_line' id='line_1_12' title="bbox 159 1522 833 1605; baseline -0.004 -16"><span class='ocrx_word' id='word_1_96' title='bbox 159 1525 240 1590; x_wconf 91' lang='lat' dir='ltr'>sima</span> <span class='ocrx_word' id='word_1_97' title='bbox 264 1523 398 1603; x_wconf 88' lang='lat' dir='ltr'>originis</span> <span class='ocrx_word' id='word_1_98' title='bbox 422 1522 560 1605; x_wconf 88' lang='lat' dir='ltr'>vestigia</span> <span class='ocrx_word' id='word_1_99' title='bbox 583 1523 833 1588; x_wconf 88' lang='lat' dir='ltr'>enuclearemus.</span> 
     </span>
    </p>

    <p class='ocr_par' dir='ltr' id='par_1_3' title="bbox 159 1629 1433 1818">
     <span class='ocr_line' id='line_1_13' title="bbox 266 1629 1433 1714; baseline 0.001 -21"><span class='ocrx_word' id='word_1_100' title='bbox 266 1629 354 1708; x_wconf 84' lang='lat' dir='ltr'>Quae</span> <span class='ocrx_word' id='word_1_101' title='bbox 383 1630 582 1711; x_wconf 86' lang='lat' dir='ltr'>quaestionis</span> <span class='ocrx_word' id='word_1_102' title='bbox 609 1630 704 1711; x_wconf 91' lang='lat' dir='ltr'>ratio,</span> <span class='ocrx_word' id='word_1_103' title='bbox 739 1649 780 1695; x_wconf 90' lang='lat' dir='ltr'>ne</span> <span class='ocrx_word' id='word_1_104' title='bbox 810 1630 993 1695; x_wconf 88' lang='lat' dir='ltr'>intricatior</span> <span class='ocrx_word' id='word_1_105' title='bbox 1020 1629 1088 1714; x_wconf 90' lang='lat' dir='ltr'>fiat,</span> <span class='ocrx_word' id='word_1_106' title='bbox 1124 1629 1236 1711; x_wconf 87' lang='lat' dir='ltr'>procul</span> <span class='ocrx_word' id='word_1_107' title='bbox 1264 1629 1433 1694; x_wconf 89' lang='lat' dir='ltr'>habuimus</span> 
     </span>
     <span class='ocr_line' id='line_1_14' title="bbox 159 1735 441 1818; baseline -0.004 -15"><span class='ocrx_word' id='word_1_108' title='bbox 159 1735 316 1802; x_wconf 84' lang='lat' dir='ltr'>uocabula</span> <span class='ocrx_word' id='word_1_109' title='bbox 340 1736 441 1818; x_wconf 85' lang='lat' dir='ltr'>spica.</span> 
     </span>
    </p>

    <p class='ocr_par' dir='ltr' id='par_1_4' title="bbox 161 1843 1434 2034">
     <span class='ocr_line' id='line_1_15' title="bbox 267 1843 1434 1928; baseline -0.001 -20"><span class='ocrx_word' id='word_1_110' title='bbox 267 1844 434 1910; x_wconf 90' lang='lat' dir='ltr'>Postremo</span> <span class='ocrx_word' id='word_1_111' title='bbox 459 1844 647 1928; x_wconf 90' lang='lat' dir='ltr'>appendicis</span> <span class='ocrx_word' id='word_1_112' title='bbox 670 1844 740 1911; x_wconf 90' lang='lat' dir='ltr'>loco</span> <span class='ocrx_word' id='word_1_113' title='bbox 765 1845 995 1928; x_wconf 85' lang='lat' dir='ltr'>quaesivimus,</span> <span class='ocrx_word' id='word_1_114' title='bbox 1030 1863 1112 1927; x_wconf 89' lang='lat' dir='ltr'>quae</span> <span class='ocrx_word' id='word_1_115' title='bbox 1136 1843 1236 1910; x_wconf 86' lang='lat' dir='ltr'>verba</span> <span class='ocrx_word' id='word_1_116' title='bbox 1259 1843 1434 1926; x_wconf 82' lang='lat' dir='ltr'>Aeschylus</span> 
     </span>
     <span class='ocr_line' id='line_1_16' title="bbox 161 1950 978 2034; baseline -0.002 -16"><span class='ocrx_word' id='word_1_117' title='bbox 161 1970 200 2018; x_wconf 81' lang='lat' dir='ltr'>ex</span> <span class='ocrx_word' id='word_1_118' title='bbox 223 1950 438 2018; x_wconf 84' lang='lat' dir='ltr'>Siciliensinm</span> <span class='ocrx_word' id='word_1_119' title='bbox 463 1969 611 2017; x_wconf 88' lang='lat' dir='ltr'>sermone</span> <span class='ocrx_word' id='word_1_120' title='bbox 634 1952 797 2034; x_wconf 89' lang='lat' dir='ltr'>recepisse</span> <span class='ocrx_word' id='word_1_121' title='bbox 820 1952 978 2018; x_wconf 89' lang='lat' dir='ltr'>videatur.</span> 
     </span>
    </p>
   </div>
   <div class='ocr_carea' id='block_1_3' title="bbox 0 0 1608 5062">
    <p class='ocr_par' dir='ltr' id='par_1_5' title="bbox 0 0 1608 5062">
     <span class='ocr_line' id='line_1_17' title="bbox 0 0 1608 5062; baseline 0 0"><span class='ocrx_word' id='word_1_122' title='bbox 0 0 1608 5062; x_wconf 95' lang='lat' dir='ltr'> </span> 
     </span>
    </p>
   </div>
  </div>
 </body>
</html>
