<?xml version="1.0" encoding="UTF-8"?>
<!DOCTYPE html PUBLIC "-//W3C//DTD XHTML 1.0 Transitional//EN"
    "http://www.w3.org/TR/xhtml1/DTD/xhtml1-transitional.dtd">
<html xmlns="http://www.w3.org/1999/xhtml" xml:lang="en" lang="en">
 <head>
  <title>
</title>
<meta http-equiv="Content-Type" content="text/html;charset=utf-8" />
  <meta name='ocr-system' content='tesseract 3.04.00' />
  <meta name='ocr-capabilities' content='ocr_page ocr_carea ocr_par ocr_line ocrx_word'/>
</head>
<body>
  <div class='ocr_page' id='page_1' title='image "./deaeschylicopia00alygoog_0039.png"; bbox 0 0 3188 5062; ppageno 0'>
   <div class='ocr_carea' id='block_1_1' title="bbox 756 245 975 314">
    <p class='ocr_par' dir='ltr' id='par_1_1' title="bbox 756 245 975 314">
     <span class='ocr_line' id='line_1_1' title="bbox 756 245 975 314; baseline 0.005 -20"><span class='ocrx_word' id='word_1_1' title='bbox 756 245 975 314; x_wconf 76' lang='lat'>..23-</span> 
     </span>
    </p>
   </div>
   <div class='ocr_carea' id='block_1_2' title="bbox 230 422 1512 4379">
    <p class='ocr_par' dir='ltr' id='par_1_2' title="bbox 230 422 1507 1157">
     <span class='ocr_line' id='line_1_2' title="bbox 232 422 1507 516; baseline 0.009 -26"><span class='ocrx_word' id='word_1_2' title='bbox 232 423 298 509; x_wconf 85' lang='grc' dir='ltr'><strong><em>έχει</em></strong></span> <span class='ocrx_word' id='word_1_3' title='bbox 321 422 483 507; x_wconf 82' lang='grc' dir='ltr'><strong><em>ὀΝοῖλος</em></strong></span> <span class='ocrx_word' id='word_1_4' title='bbox 499 473 506 490; x_wconf 94' lang='grc'><strong>.</strong></span> <span class='ocrx_word' id='word_1_5' title='bbox 525 473 533 490; x_wconf 90' lang='grc'><strong>.</strong></span> <span class='ocrx_word' id='word_1_6' title='bbox 554 474 561 491; x_wconf 91' lang='grc'><strong>.</strong></span> <span class='ocrx_word' id='word_1_7' title='bbox 586 424 685 492; x_wconf 84' lang='lat' dir='ltr'>Simil.</span> <span class='ocrx_word' id='word_1_8' title='bbox 703 426 760 492; x_wconf 75' lang='grc' dir='ltr'>ΠΙ.</span> <span class='ocrx_word' id='word_1_9' title='bbox 781 427 832 504; x_wconf 88' lang='grc'>51,</span> <span class='ocrx_word' id='word_1_10' title='bbox 857 430 898 492; x_wconf 84' lang='grc' dir='ltr'>’ίὶ</span> <span class='ocrx_word' id='word_1_11' title='bbox 915 427 975 508; x_wconf 88' lang='lat' dir='ltr'>bis,</span> <span class='ocrx_word' id='word_1_12' title='bbox 993 427 1063 495; x_wconf 90' lang='lat' dir='ltr'>VH.</span> <span class='ocrx_word' id='word_1_13' title='bbox 1084 429 1146 492; x_wconf 87' lang='grc'>195</span> <span class='ocrx_word' id='word_1_14' title='bbox 1163 426 1379 516; x_wconf 85' lang='grc' dir='ltr'><strong><em>(έξιστορέω).</em></strong></span> <span class='ocrx_word' id='word_1_15' title='bbox 1410 434 1507 515; x_wconf 83' lang='lat' dir='ltr'>Apud</span> 
     </span>
     <span class='ocr_line' id='line_1_3' title="bbox 230 533 1504 624; baseline 0.005 -26"><span class='ocrx_word' id='word_1_16' title='bbox 230 533 373 615; x_wconf 88' lang='lat' dir='ltr'>reliquos</span> <span class='ocrx_word' id='word_1_17' title='bbox 388 533 514 599; x_wconf 86' lang='lat' dir='ltr'>Ionicos</span> <span class='ocrx_word' id='word_1_18' title='bbox 531 533 706 615; x_wconf 83' lang='lat' dir='ltr'>scriptores</span> <span class='ocrx_word' id='word_1_19' title='bbox 722 535 802 601; x_wconf 86' lang='lat' dir='ltr'>haec</span> <span class='ocrx_word' id='word_1_20' title='bbox 818 536 1004 602; x_wconf 87' lang='lat' dir='ltr'>testimonia</span> <span class='ocrx_word' id='word_1_21' title='bbox 1021 541 1147 601; x_wconf 84' lang='lat' dir='ltr'>extant:</span> <span class='ocrx_word' id='word_1_22' title='bbox 1168 538 1345 607; x_wconf 85' lang='lat' dir='ltr'>Democrit.</span> <span class='ocrx_word' id='word_1_23' title='bbox 1363 539 1423 624; x_wconf 85' lang='lat' dir='ltr'>frg.</span> <span class='ocrx_word' id='word_1_24' title='bbox 1442 544 1504 606; x_wconf 86' lang='grc'>199</span> 
     </span>
     <span class='ocr_line' id='line_1_4' title="bbox 231 640 1505 731; baseline 0.005 -24"><span class='ocrx_word' id='word_1_25' title='bbox 231 648 414 723; x_wconf 87' lang='lat' dir='ltr'>suspectum</span> <span class='ocrx_word' id='word_1_26' title='bbox 428 640 549 706; x_wconf 87' lang='lat' dir='ltr'>Dielsio</span> <span class='ocrx_word' id='word_1_27' title='bbox 563 641 761 723; x_wconf 78' lang='grc' dir='ltr'><strong><em>ἱστορέων</em></strong></span> <span class='ocrx_word' id='word_1_28' title='bbox 777 641 820 707; x_wconf 88' lang='grc' dir='ltr'><strong><em>τὰ</em></strong></span> <span class='ocrx_word' id='word_1_29' title='bbox 835 644 990 726; x_wconf 82' lang='grc' dir='ltr'><strong><em>μήκιστα.</em></strong></span> <span class='ocrx_word' id='word_1_30' title='bbox 1015 643 1167 726; x_wconf 93' lang='lat' dir='ltr'>Hippocr.</span> <span class='ocrx_word' id='word_1_31' title='bbox 1182 665 1324 728; x_wconf 73' lang='grc' dir='ltr'><strong><em>παραγ).</em></strong></span> <span class='ocrx_word' id='word_1_32' title='bbox 1339 649 1390 731; x_wconf 87' lang='grc'>13,</span> <span class='ocrx_word' id='word_1_33' title='bbox 1407 649 1505 714; x_wconf 84' lang='lat' dir='ltr'><strong>LIX.</strong></span> 
     </span>
     <span class='ocr_line' id='line_1_5' title="bbox 232 746 1507 838; baseline 0.006 -25"><span class='ocrx_word' id='word_1_34' title='bbox 232 750 296 814; x_wconf 80' lang='lat'>270</span> <span class='ocrx_word' id='word_1_35' title='bbox 320 750 371 828; x_wconf 86' lang='grc' dir='ltr'><strong><em>τίς</em></strong></span> <span class='ocrx_word' id='word_1_36' title='bbox 393 746 455 831; x_wconf 82' lang='grc' dir='ltr'>γὰρ</span> <span class='ocrx_word' id='word_1_37' title='bbox 480 746 644 831; x_wconf 72' lang='grc' dir='ltr'><strong><em>ἑπιιὶομεῖ</em></strong></span> <span class='ocrx_word' id='word_1_38' title='bbox 657 747 837 831; x_wconf 78' lang='grc' dir='ltr'><strong><em>δογμάτων</em></strong></span> <span class='ocrx_word' id='word_1_39' title='bbox 860 749 1082 833; x_wconf 83' lang='grc' dir='ltr'><strong><em>πολοσχιὸίην</em></strong></span> <span class='ocrx_word' id='word_1_40' title='bbox 1107 750 1277 834; x_wconf 74' lang='grc' dir='ltr'><em>ἀτρεκέως</em></span> <span class='ocrx_word' id='word_1_41' title='bbox 1300 755 1507 838; x_wconf 85' lang='grc' dir='ltr'><strong><em>ἱστορέειν</em></strong></span> 
     </span>
     <span class='ocr_line' id='line_1_6' title="bbox 231 855 1507 943; baseline 0.005 -21"><span class='ocrx_word' id='word_1_42' title='bbox 231 855 273 943; x_wconf 87' lang='lat' dir='ltr'>(v.</span> <span class='ocrx_word' id='word_1_43' title='bbox 298 856 318 921; x_wconf 95' lang='lat' dir='ltr'>l.</span> <span class='ocrx_word' id='word_1_44' title='bbox 344 857 523 940; x_wconf 80' lang='grc' dir='ltr'><strong><em>ἱστορίαν).</em></strong></span> <span class='ocrx_word' id='word_1_45' title='bbox 559 857 635 923; x_wconf 87' lang='lat' dir='ltr'>ibid.</span> <span class='ocrx_word' id='word_1_46' title='bbox 655 860 684 942; x_wconf 90' lang='grc'>2,</span> <span class='ocrx_word' id='word_1_47' title='bbox 709 877 740 941; x_wconf 89' lang='lat' dir='ltr'>p.</span> <span class='ocrx_word' id='word_1_48' title='bbox 761 861 825 924; x_wconf 92' lang='grc'>254</span> <span class='ocrx_word' id='word_1_49' title='bbox 842 861 921 941; x_wconf 87' lang='grc' dir='ltr'><strong><em>παρ’</em></strong></span> <span class='ocrx_word' id='word_1_50' title='bbox 939 857 1103 924; x_wconf 77' lang='grc' dir='ltr'><strong><em>ἰδιωτέων</em></strong></span> <span class='ocrx_word' id='word_1_51' title='bbox 1127 860 1340 942; x_wconf 85' lang='grc' dir='ltr'><strong><em>ἱστορέειν.</em></strong></span> <span class='ocrx_word' id='word_1_52' title='bbox 1377 863 1455 928; x_wconf 88' lang='lat' dir='ltr'>ibid.</span> <span class='ocrx_word' id='word_1_53' title='bbox 1474 865 1507 942; x_wconf 87' lang='lat'>8,</span> 
     </span>
     <span class='ocr_line' id='line_1_7' title="bbox 232 963 1506 1050; baseline 0.006 -22"><span class='ocrx_word' id='word_1_54' title='bbox 232 984 263 1048; x_wconf 88' lang='lat' dir='ltr'>p.</span> <span class='ocrx_word' id='word_1_55' title='bbox 282 967 345 1029; x_wconf 89' lang='grc'>262</span> <span class='ocrx_word' id='word_1_56' title='bbox 371 966 585 1047; x_wconf 83' lang='grc' dir='ltr'><strong><em>ἱστορῆσαι</em></strong></span> <span class='ocrx_word' id='word_1_57' title='bbox 608 963 651 1029; x_wconf 88' lang='grc' dir='ltr'><strong><em>τὰ</em></strong></span> <span class='ocrx_word' id='word_1_58' title='bbox 674 967 752 1048; x_wconf 85' lang='grc' dir='ltr'><strong><em>περί</em></strong></span> <span class='ocrx_word' id='word_1_59' title='bbox 774 964 835 1031; x_wconf 89' lang='grc' dir='ltr'><strong><em>τὸν</em></strong></span> <span class='ocrx_word' id='word_1_60' title='bbox 858 965 1039 1046; x_wconf 89' lang='grc' dir='ltr'><strong><em>νοσέοντα;</em></strong></span> <span class='ocrx_word' id='word_1_61' title='bbox 1062 972 1095 1033; x_wconf 89' lang='lat' dir='ltr'>ct</span> <span class='ocrx_word' id='word_1_62' title='bbox 1117 972 1168 1033; x_wconf 93' lang='lat' dir='ltr'>tcr</span> <span class='ocrx_word' id='word_1_63' title='bbox 1191 967 1226 1033; x_wconf 93' lang='lat' dir='ltr'>in</span> <span class='ocrx_word' id='word_1_64' title='bbox 1242 969 1402 1050; x_wconf 88' lang='lat' dir='ltr'>epistulis.</span> <span class='ocrx_word' id='word_1_65' title='bbox 1428 972 1506 1037; x_wconf 88' lang='lat' dir='ltr'>item</span> 
     </span>
     <span class='ocr_line' id='line_1_8' title="bbox 233 1071 883 1157; baseline -0.002 -19"><span class='ocrx_word' id='word_1_66' title='bbox 233 1071 381 1157; x_wconf 85' lang='lat' dir='ltr'>[Herod]</span> <span class='ocrx_word' id='word_1_67' title='bbox 405 1073 438 1136; x_wconf 90' lang='lat' dir='ltr'>in</span> <span class='ocrx_word' id='word_1_68' title='bbox 462 1073 530 1138; x_wconf 84' lang='lat' dir='ltr'>vita</span> <span class='ocrx_word' id='word_1_69' title='bbox 552 1072 645 1138; x_wconf 91' lang='lat' dir='ltr'>Hom.</span> <span class='ocrx_word' id='word_1_70' title='bbox 667 1075 694 1157; x_wconf 90' lang='lat' dir='ltr'>l,</span> <span class='ocrx_word' id='word_1_71' title='bbox 721 1076 749 1153; x_wconf 85' lang='lat'>6,</span> <span class='ocrx_word' id='word_1_72' title='bbox 776 1077 805 1155; x_wconf 77' lang='lat'>7,</span> <span class='ocrx_word' id='word_1_73' title='bbox 832 1076 883 1138; x_wconf 92' lang='grc'>21.</span> 
     </span>
    </p>

    <p class='ocr_par' dir='ltr' id='par_1_3' title="bbox 232 1180 1508 2232">
     <span class='ocr_line' id='line_1_9' title="bbox 338 1180 1506 1265; baseline 0.003 -18"><span class='ocrx_word' id='word_1_74' title='bbox 338 1180 441 1247; x_wconf 90' lang='lat' dir='ltr'>Sensu</span> <span class='ocrx_word' id='word_1_75' title='bbox 464 1180 559 1261; x_wconf 90' lang='lat' dir='ltr'>plane</span> <span class='ocrx_word' id='word_1_76' title='bbox 594 1181 721 1247; x_wconf 87' lang='lat' dir='ltr'>divorso</span> <span class='ocrx_word' id='word_1_77' title='bbox 746 1181 889 1264; x_wconf 90' lang='grc' dir='ltr'><strong><em>ἱστορέω</em></strong></span> <span class='ocrx_word' id='word_1_78' title='bbox 913 1181 999 1262; x_wconf 88' lang='lat' dir='ltr'>apud</span> <span class='ocrx_word' id='word_1_79' title='bbox 1019 1180 1255 1263; x_wconf 86' lang='lat' dir='ltr'>Hippocratem</span> <span class='ocrx_word' id='word_1_80' title='bbox 1284 1187 1335 1249; x_wconf 91' lang='lat' dir='ltr'>ter</span> <span class='ocrx_word' id='word_1_81' title='bbox 1358 1184 1506 1265; x_wconf 84' lang='lat' dir='ltr'>legimus.</span> 
     </span>
     <span class='ocr_line' id='line_1_10' title="bbox 232 1284 1508 1373; baseline 0.002 -20"><span class='ocrx_word' id='word_1_82' title='bbox 232 1311 267 1355; x_wconf 90' lang='grc' dir='ltr'>π.</span> <span class='ocrx_word' id='word_1_83' title='bbox 291 1306 385 1354; x_wconf 88' lang='grc' dir='ltr'><strong><em>νοοσ.</em></strong></span> <span class='ocrx_word' id='word_1_84' title='bbox 411 1284 440 1352; x_wconf 82' lang='lat' dir='ltr'>d&#39;</span> <span class='ocrx_word' id='word_1_85' title='bbox 462 1289 520 1366; x_wconf 86' lang='grc'>48,</span> <span class='ocrx_word' id='word_1_86' title='bbox 556 1287 855 1353; x_wconf 67' lang='lat' dir='ltr'>Lutatiorum</span> <span class='ocrx_word' id='word_1_87' title='bbox 889 1291 998 1352; x_wconf 83' lang='grc' dir='ltr'><strong><em>ταῦτα</em></strong></span> <span class='ocrx_word' id='word_1_88' title='bbox 1032 1293 1167 1370; x_wconf 90' lang='grc' dir='ltr'><strong><em>τριταῖα</em></strong></span> <span class='ocrx_word' id='word_1_89' title='bbox 1203 1287 1305 1354; x_wconf 83' lang='grc' dir='ltr'><strong><em>ἐόντα</em></strong></span> <span class='ocrx_word' id='word_1_90' title='bbox 1328 1291 1508 1373; x_wconf 80' lang='grc' dir='ltr'><strong><em>ἱστορέει</em></strong></span> 
     </span>
     <span class='ocr_line' id='line_1_11' title="bbox 233 1392 1508 1478; baseline 0.004 -18"><span class='ocrx_word' id='word_1_91' title='bbox 233 1393 430 1478; x_wconf 77' lang='grc' dir='ltr'><strong><em>ἀλλήλοισιν</em></strong></span> <span class='ocrx_word' id='word_1_92' title='bbox 453 1392 505 1459; x_wconf 90' lang='grc' dir='ltr'><strong><em>ὅτι</em></strong></span> <span class='ocrx_word' id='word_1_93' title='bbox 528 1393 640 1476; x_wconf 83' lang='grc' dir='ltr'><strong><em>οὕτως</em></strong></span> <span class='ocrx_word' id='word_1_94' title='bbox 663 1393 739 1477; x_wconf 82' lang='grc' dir='ltr'><strong><em>ἔχει.</em></strong></span> <span class='ocrx_word' id='word_1_95' title='bbox 775 1401 829 1476; x_wconf 87' lang='lat' dir='ltr'>„et</span> <span class='ocrx_word' id='word_1_96' title='bbox 851 1397 932 1462; x_wconf 87' lang='lat' dir='ltr'>haec</span> <span class='ocrx_word' id='word_1_97' title='bbox 955 1397 1064 1461; x_wconf 90' lang='lat' dir='ltr'>triduo</span> <span class='ocrx_word' id='word_1_98' title='bbox 1087 1397 1173 1461; x_wconf 89' lang='lat' dir='ltr'>inter</span> <span class='ocrx_word' id='word_1_99' title='bbox 1194 1415 1229 1462; x_wconf 90' lang='lat' dir='ltr'>se</span> <span class='ocrx_word' id='word_1_100' title='bbox 1253 1397 1423 1478; x_wconf 89' lang='lat' dir='ltr'>probant</span> <span class='ocrx_word' id='word_1_101' title='bbox 1461 1401 1508 1465; x_wconf 90' lang='lat' dir='ltr'>sic</span> 
     </span>
     <span class='ocr_line' id='line_1_12' title="bbox 232 1501 1506 1588; baseline 0.003 -20"><span class='ocrx_word' id='word_1_102' title='bbox 232 1522 267 1568; x_wconf 88' lang='lat' dir='ltr'>sa</span> <span class='ocrx_word' id='word_1_103' title='bbox 301 1503 453 1568; x_wconf 85' lang='lat' dir='ltr'>habere“.</span> <span class='ocrx_word' id='word_1_104' title='bbox 513 1501 551 1568; x_wconf 89' lang='lat' dir='ltr'>of.</span> <span class='ocrx_word' id='word_1_105' title='bbox 576 1504 711 1586; x_wconf 88' lang='lat' dir='ltr'>Hesych.</span> <span class='ocrx_word' id='word_1_106' title='bbox 737 1504 876 1585; x_wconf 84' lang='grc' dir='ltr'><strong><em>ἱστορεῖ·</em></strong></span> <span class='ocrx_word' id='word_1_107' title='bbox 913 1508 1081 1585; x_wconf 81' lang='grc' dir='ltr'><strong><em>μαρτυρεῖ</em></strong></span> <span class='ocrx_word' id='word_1_108' title='bbox 1112 1501 1183 1570; x_wconf 86' lang='grc' dir='ltr'><strong><em>κτλ.</em></strong></span> <span class='ocrx_word' id='word_1_109' title='bbox 1230 1525 1265 1569; x_wconf 92' lang='grc' dir='ltr'>π.</span> <span class='ocrx_word' id='word_1_110' title='bbox 1301 1503 1394 1570; x_wconf 75' lang='lat' dir='ltr'>cord.</span> <span class='ocrx_word' id='word_1_111' title='bbox 1425 1507 1506 1588; x_wconf 81' lang='lat' dir='ltr'>poc.</span> 
     </span>
     <span class='ocr_line' id='line_1_13' title="bbox 235 1607 1508 1694; baseline 0.003 -20"><span class='ocrx_word' id='word_1_112' title='bbox 235 1613 290 1692; x_wconf 91' lang='lat'>18,</span> <span class='ocrx_word' id='word_1_113' title='bbox 325 1610 361 1676; x_wconf 89' lang='lat' dir='ltr'>L.</span> <span class='ocrx_word' id='word_1_114' title='bbox 386 1611 455 1675; x_wconf 93' lang='lat' dir='ltr'><strong>VII.</strong></span> <span class='ocrx_word' id='word_1_115' title='bbox 483 1613 546 1676; x_wconf 91' lang='grc'>504</span> <span class='ocrx_word' id='word_1_116' title='bbox 584 1610 819 1694; x_wconf 85' lang='grc' dir='ltr'><strong><em>ἱστορέουσι</em></strong></span> <span class='ocrx_word' id='word_1_117' title='bbox 853 1610 915 1692; x_wconf 80' lang='grc' dir='ltr'>γάρ</span> <span class='ocrx_word' id='word_1_118' title='bbox 951 1610 986 1674; x_wconf 92' lang='grc' dir='ltr'>αἱ</span> <span class='ocrx_word' id='word_1_119' title='bbox 1021 1607 1215 1693; x_wconf 83' lang='grc' dir='ltr'><strong><em>ἀμβλώσιες</em></strong></span> <span class='ocrx_word' id='word_1_120' title='bbox 1253 1616 1323 1677; x_wconf 88' lang='grc' dir='ltr'><strong><em>τῶν</em></strong></span> <span class='ocrx_word' id='word_1_121' title='bbox 1360 1610 1508 1678; x_wconf 77' lang='grc' dir='ltr'><strong><em>παιδίων</em></strong></span> 
     </span>
     <span class='ocr_line' id='line_1_14' title="bbox 233 1715 1507 1800; baseline 0.003 -18"><span class='ocrx_word' id='word_1_122' title='bbox 233 1720 289 1782; x_wconf 82' lang='grc' dir='ltr'>καί</span> <span class='ocrx_word' id='word_1_123' title='bbox 327 1721 397 1783; x_wconf 88' lang='grc' dir='ltr'><strong><em>τῶν</em></strong></span> <span class='ocrx_word' id='word_1_124' title='bbox 435 1715 562 1800; x_wconf 86' lang='grc' dir='ltr'><strong><em>λοχίων</em></strong></span> <span class='ocrx_word' id='word_1_125' title='bbox 601 1719 635 1782; x_wconf 97' lang='grc' dir='ltr'>αἱ</span> <span class='ocrx_word' id='word_1_126' title='bbox 673 1716 868 1800; x_wconf 64' lang='grc' dir='ltr'><strong><em>καθάρσιες.</em></strong></span> <span class='ocrx_word' id='word_1_127' title='bbox 927 1719 1078 1782; x_wconf 85' lang='lat' dir='ltr'>Fortasse</span> <span class='ocrx_word' id='word_1_128' title='bbox 1124 1719 1208 1782; x_wconf 86' lang='lat' dir='ltr'>idem</span> <span class='ocrx_word' id='word_1_129' title='bbox 1252 1737 1364 1784; x_wconf 90' lang='lat' dir='ltr'>sensus</span> <span class='ocrx_word' id='word_1_130' title='bbox 1408 1722 1507 1786; x_wconf 83' lang='lat' dir='ltr'>verbo</span> 
     </span>
     <span class='ocr_line' id='line_1_15' title="bbox 233 1823 1508 1910; baseline 0.002 -20"><span class='ocrx_word' id='word_1_131' title='bbox 233 1826 317 1892; x_wconf 88' lang='lat' dir='ltr'>inest</span> <span class='ocrx_word' id='word_1_132' title='bbox 333 1827 403 1891; x_wconf 93' lang='lat' dir='ltr'>loco</span> <span class='ocrx_word' id='word_1_133' title='bbox 421 1825 556 1891; x_wconf 91' lang='lat' dir='ltr'>obscuro</span> <span class='ocrx_word' id='word_1_134' title='bbox 574 1844 715 1908; x_wconf 78' lang='grc' dir='ltr'><strong><em>παραγγ.</em></strong></span> <span class='ocrx_word' id='word_1_135' title='bbox 737 1827 786 1905; x_wconf 85' lang='grc'>12,</span> <span class='ocrx_word' id='word_1_136' title='bbox 812 1827 847 1891; x_wconf 87' lang='lat' dir='ltr'>L.</span> <span class='ocrx_word' id='word_1_137' title='bbox 865 1826 919 1890; x_wconf 88' lang='lat' dir='ltr'>IX.</span> <span class='ocrx_word' id='word_1_138' title='bbox 938 1826 1001 1890; x_wconf 87' lang='grc'>268</span> <span class='ocrx_word' id='word_1_139' title='bbox 1019 1823 1232 1906; x_wconf 82' lang='grc' dir='ltr'><strong><em>ἀπαρνέομαι</em></strong></span> <span class='ocrx_word' id='word_1_140' title='bbox 1246 1824 1309 1908; x_wconf 80' lang='grc' dir='ltr'>γὰρ</span> <span class='ocrx_word' id='word_1_141' title='bbox 1326 1827 1374 1906; x_wconf 82' lang='grc' dir='ltr'><strong><em>τίς</em></strong></span> <span class='ocrx_word' id='word_1_142' title='bbox 1386 1830 1508 1910; x_wconf 85' lang='grc' dir='ltr'><strong><em>χρῆσιν</em></strong></span> 
     </span>
     <span class='ocr_line' id='line_1_16' title="bbox 234 1929 1508 2015; baseline 0.004 -19"><span class='ocrx_word' id='word_1_143' title='bbox 234 1931 352 2014; x_wconf 82' lang='grc' dir='ltr'><strong><em>ἑτέρην</em></strong></span> <span class='ocrx_word' id='word_1_144' title='bbox 388 1929 593 2015; x_wconf 76' lang='grc' dir='ltr'><strong><em>φιλοπονίην</em></strong></span> <span class='ocrx_word' id='word_1_145' title='bbox 625 1931 712 2014; x_wconf 75' lang='grc' dir='ltr'><strong><em>μετὰ</em></strong></span> <span class='ocrx_word' id='word_1_146' title='bbox 745 1933 856 1998; x_wconf 86' lang='grc' dir='ltr'><strong><em>πόνου</em></strong></span> <span class='ocrx_word' id='word_1_147' title='bbox 885 1933 1221 2014; x_wconf 83' lang='grc' dir='ltr'><strong><em>ἱστοριευμένην,</em></strong></span> <span class='ocrx_word' id='word_1_148' title='bbox 1263 1931 1315 1998; x_wconf 84' lang='lat' dir='ltr'>dod</span> <span class='ocrx_word' id='word_1_149' title='bbox 1350 1934 1387 2000; x_wconf 86' lang='grc' dir='ltr'><strong><em>έν</em></strong></span> <span class='ocrx_word' id='word_1_150' title='bbox 1424 1935 1508 2001; x_wconf 74' lang='lat' dir='ltr'>doro-</span> 
     </span>
     <span class='ocr_line' id='line_1_17' title="bbox 233 2038 1507 2129; baseline 0.004 -25"><span class='ocrx_word' id='word_1_151' title='bbox 233 2043 275 2122; x_wconf 82' lang='grc' dir='ltr'><strong><em>τῇ</em></strong></span> <span class='ocrx_word' id='word_1_152' title='bbox 309 2039 420 2122; x_wconf 82' lang='grc' dir='ltr'><strong><em>μούνη</em></strong></span> <span class='ocrx_word' id='word_1_153' title='bbox 456 2039 584 2121; x_wconf 85' lang='grc' dir='ltr'><strong><em>αἵρεσιν</em></strong></span> <span class='ocrx_word' id='word_1_154' title='bbox 608 2039 731 2104; x_wconf 80' lang='grc' dir='ltr'><strong><em>έοῦσαν</em></strong></span> <span class='ocrx_word' id='word_1_155' title='bbox 755 2040 875 2129; x_wconf 75' lang='lat' dir='ltr'>(Littrb</span> <span class='ocrx_word' id='word_1_156' title='bbox 899 2038 1056 2120; x_wconf 81' lang='grc' dir='ltr'><strong><em>ἔχουσαν)</em></strong></span> <span class='ocrx_word' id='word_1_157' title='bbox 1078 2038 1271 2120; x_wconf 84' lang='grc' dir='ltr'><strong><em>χαρίεσσαν.</em></strong></span> <span class='ocrx_word' id='word_1_158' title='bbox 1318 2041 1378 2108; x_wconf 92' lang='lat' dir='ltr'>His</span> <span class='ocrx_word' id='word_1_159' title='bbox 1402 2043 1507 2110; x_wconf 87' lang='lat' dir='ltr'>tribus</span> 
     </span>
     <span class='ocr_line' id='line_1_18' title="bbox 234 2145 1507 2232; baseline 0.003 -21"><span class='ocrx_word' id='word_1_160' title='bbox 234 2146 274 2212; x_wconf 86' lang='lat' dir='ltr'>de</span> <span class='ocrx_word' id='word_1_161' title='bbox 296 2145 385 2227; x_wconf 89' lang='lat' dir='ltr'>locis,</span> <span class='ocrx_word' id='word_1_162' title='bbox 409 2145 568 2228; x_wconf 90' lang='lat' dir='ltr'>imprimis</span> <span class='ocrx_word' id='word_1_163' title='bbox 592 2148 631 2212; x_wconf 93' lang='lat' dir='ltr'>de</span> <span class='ocrx_word' id='word_1_164' title='bbox 654 2147 767 2213; x_wconf 91' lang='lat' dir='ltr'>ultimo</span> <span class='ocrx_word' id='word_1_165' title='bbox 791 2146 832 2213; x_wconf 91' lang='lat' dir='ltr'>of.</span> <span class='ocrx_word' id='word_1_166' title='bbox 856 2146 951 2228; x_wconf 87' lang='lat' dir='ltr'>infra,</span> <span class='ocrx_word' id='word_1_167' title='bbox 975 2147 1029 2212; x_wconf 92' lang='lat' dir='ltr'>ubi</span> <span class='ocrx_word' id='word_1_168' title='bbox 1047 2146 1087 2212; x_wconf 87' lang='lat' dir='ltr'>de</span> <span class='ocrx_word' id='word_1_169' title='bbox 1102 2165 1180 2213; x_wconf 86' lang='lat' dir='ltr'>voco</span> <span class='ocrx_word' id='word_1_170' title='bbox 1197 2147 1346 2230; x_wconf 92' lang='grc' dir='ltr'><strong><em>ἱστόριον</em></strong></span> <span class='ocrx_word' id='word_1_171' title='bbox 1370 2151 1507 2232; x_wconf 84' lang='lat' dir='ltr'>agimus.</span> 
     </span>
    </p>

    <p class='ocr_par' dir='ltr' id='par_1_4' title="bbox 230 2252 1510 3733">
     <span class='ocr_line' id='line_1_19' title="bbox 336 2252 1503 2337; baseline 0.005 -20"><span class='ocrx_word' id='word_1_172' title='bbox 336 2252 503 2318; x_wconf 88' lang='lat' dir='ltr'>Accedunt</span> <span class='ocrx_word' id='word_1_173' title='bbox 527 2255 589 2320; x_wconf 92' lang='lat' dir='ltr'>duo</span> <span class='ocrx_word' id='word_1_174' title='bbox 612 2255 809 2336; x_wconf 84' lang='lat' dir='ltr'>testimonia,</span> <span class='ocrx_word' id='word_1_175' title='bbox 840 2273 923 2337; x_wconf 87' lang='lat' dir='ltr'>quae</span> <span class='ocrx_word' id='word_1_176' title='bbox 947 2254 1080 2320; x_wconf 83' lang='lat' dir='ltr'>verbum</span> <span class='ocrx_word' id='word_1_177' title='bbox 1104 2255 1202 2319; x_wconf 89' lang='lat' dir='ltr'>etiam</span> <span class='ocrx_word' id='word_1_178' title='bbox 1225 2255 1340 2321; x_wconf 92' lang='lat' dir='ltr'>Doridi</span> <span class='ocrx_word' id='word_1_179' title='bbox 1364 2257 1503 2323; x_wconf 90' lang='lat' dir='ltr'>dialecto</span> 
     </span>
     <span class='ocr_line' id='line_1_20' title="bbox 234 2360 1504 2445; baseline 0.002 -19"><span class='ocrx_word' id='word_1_180' title='bbox 234 2360 397 2426; x_wconf 87' lang='lat' dir='ltr'>vindicare</span> <span class='ocrx_word' id='word_1_181' title='bbox 420 2361 581 2427; x_wconf 84' lang='lat' dir='ltr'>videntur.</span> <span class='ocrx_word' id='word_1_182' title='bbox 622 2361 799 2428; x_wconf 91' lang='lat' dir='ltr'>Obscurum</span> <span class='ocrx_word' id='word_1_183' title='bbox 817 2367 867 2428; x_wconf 91' lang='lat' dir='ltr'>est</span> <span class='ocrx_word' id='word_1_184' title='bbox 890 2361 1075 2442; x_wconf 82' lang='lat' dir='ltr'>Epicharmi</span> <span class='ocrx_word' id='word_1_185' title='bbox 1098 2360 1211 2441; x_wconf 82' lang='lat' dir='ltr'>fragm.</span> <span class='ocrx_word' id='word_1_186' title='bbox 1230 2363 1272 2426; x_wconf 88' lang='lat'>86</span> <span class='ocrx_word' id='word_1_187' title='bbox 1298 2362 1441 2445; x_wconf 90' lang='lat' dir='ltr'>(Kaibel)</span> <span class='ocrx_word' id='word_1_188' title='bbox 1466 2382 1504 2428; x_wconf 84' lang='lat' dir='ltr'>ex</span> 
     </span>
     <span class='ocr_line' id='line_1_21' title="bbox 230 2466 1506 2552; baseline 0.002 -20"><span class='ocrx_word' id='word_1_189' title='bbox 230 2469 390 2551; x_wconf 89' lang='lat' dir='ltr'>Hesycbio</span> <span class='ocrx_word' id='word_1_190' title='bbox 424 2470 589 2534; x_wconf 85' lang='lat' dir='ltr'>haustum:</span> <span class='ocrx_word' id='word_1_191' title='bbox 641 2467 786 2552; x_wconf 80' lang='grc' dir='ltr'><strong><em>Φρύγιον</em></strong></span> <span class='ocrx_word' id='word_1_192' title='bbox 821 2468 1054 2550; x_wconf 87' lang='grc' dir='ltr'><strong><em>ἱστόρησον·</em></strong></span> <span class='ocrx_word' id='word_1_193' title='bbox 1098 2467 1262 2550; x_wconf 83' lang='grc' dir='ltr'><strong><em>πέπαιχεν</em></strong></span> <span class='ocrx_word' id='word_1_194' title='bbox 1302 2466 1506 2552; x_wconf 83' lang='grc' dir='ltr'><strong><em>Ἐπίχαρμος</em></strong></span> 
     </span>
     <span class='ocr_line' id='line_1_22' title="bbox 233 2572 1506 2659; baseline 0.002 -19"><span class='ocrx_word' id='word_1_195' title='bbox 233 2575 268 2640; x_wconf 81' lang='grc' dir='ltr'>ἐν</span> <span class='ocrx_word' id='word_1_196' title='bbox 304 2572 513 2658; x_wconf 83' lang='grc' dir='ltr'><strong><em>Κωμασταῖς</em></strong></span> <span class='ocrx_word' id='word_1_197' title='bbox 548 2575 804 2659; x_wconf 84' lang='grc' dir='ltr'><strong><em>έπιιιενώμενος.</em></strong></span> <span class='ocrx_word' id='word_1_198' title='bbox 865 2577 901 2640; x_wconf 91' lang='lat' dir='ltr'>Id</span> <span class='ocrx_word' id='word_1_199' title='bbox 935 2575 1147 2656; x_wconf 85' lang='lat' dir='ltr'>Phrygiorum</span> <span class='ocrx_word' id='word_1_200' title='bbox 1183 2595 1297 2642; x_wconf 91' lang='lat' dir='ltr'>nomen</span> <span class='ocrx_word' id='word_1_201' title='bbox 1334 2579 1506 2643; x_wconf 88' lang='lat' dir='ltr'>ostendere</span> 
     </span>
     <span class='ocr_line' id='line_1_23' title="bbox 231 2682 1505 2765; baseline 0.002 -17"><span class='ocrx_word' id='word_1_202' title='bbox 231 2684 358 2749; x_wconf 86' lang='lat' dir='ltr'>videtur</span> <span class='ocrx_word' id='word_1_203' title='bbox 391 2682 598 2765; x_wconf 88' lang='lat' dir='ltr'>proverbium</span> <span class='ocrx_word' id='word_1_204' title='bbox 639 2703 678 2748; x_wconf 85' lang='lat' dir='ltr'>ex</span> <span class='ocrx_word' id='word_1_205' title='bbox 717 2685 840 2749; x_wconf 85' lang='lat' dir='ltr'>oriente</span> <span class='ocrx_word' id='word_1_206' title='bbox 876 2682 1032 2748; x_wconf 89' lang='lat' dir='ltr'>Graeciae</span> <span class='ocrx_word' id='word_1_207' title='bbox 1067 2687 1161 2764; x_wconf 91' lang='lat' dir='ltr'>parte</span> <span class='ocrx_word' id='word_1_208' title='bbox 1193 2683 1387 2749; x_wconf 89' lang='lat' dir='ltr'>translatum</span> <span class='ocrx_word' id='word_1_209' title='bbox 1423 2704 1505 2751; x_wconf 84' lang='lat' dir='ltr'>esse</span> 
     </span>
     <span class='ocr_line' id='line_1_24' title="bbox 233 2788 1506 2872; baseline -0.001 -16"><span class='ocrx_word' id='word_1_210' title='bbox 233 2790 328 2856; x_wconf 88' lang='lat' dir='ltr'>Certe</span> <span class='ocrx_word' id='word_1_211' title='bbox 358 2791 565 2871; x_wconf 87' lang='lat' dir='ltr'>incorruptae</span> <span class='ocrx_word' id='word_1_212' title='bbox 600 2791 729 2856; x_wconf 88' lang='lat' dir='ltr'>Doridis</span> <span class='ocrx_word' id='word_1_213' title='bbox 764 2790 982 2857; x_wconf 90' lang='lat' dir='ltr'>testimoninm</span> <span class='ocrx_word' id='word_1_214' title='bbox 1016 2788 1097 2854; x_wconf 90' lang='lat' dir='ltr'>haec</span> <span class='ocrx_word' id='word_1_215' title='bbox 1121 2789 1219 2854; x_wconf 87' lang='lat' dir='ltr'>verba</span> <span class='ocrx_word' id='word_1_216' title='bbox 1247 2808 1311 2855; x_wconf 93' lang='lat' dir='ltr'>non</span> <span class='ocrx_word' id='word_1_217' title='bbox 1339 2791 1506 2872; x_wconf 89' lang='lat' dir='ltr'>praebent.</span> 
     </span>
     <span class='ocr_line' id='line_1_25' title="bbox 232 2897 1506 2981; baseline -0.002 -16"><span class='ocrx_word' id='word_1_218' title='bbox 232 2900 418 2981; x_wconf 83' lang='lat' dir='ltr'>Aequores</span> <span class='ocrx_word' id='word_1_219' title='bbox 442 2916 477 2963; x_wconf 93' lang='lat' dir='ltr'>se</span> <span class='ocrx_word' id='word_1_220' title='bbox 500 2898 599 2964; x_wconf 89' lang='lat' dir='ltr'>habet</span> <span class='ocrx_word' id='word_1_221' title='bbox 621 2898 654 2962; x_wconf 93' lang='lat' dir='ltr'>in</span> <span class='ocrx_word' id='word_1_222' title='bbox 679 2897 800 2963; x_wconf 86' lang='lat' dir='ltr'>lamina</span> <span class='ocrx_word' id='word_1_223' title='bbox 823 2898 973 2978; x_wconf 91' lang='lat' dir='ltr'>plumbea</span> <span class='ocrx_word' id='word_1_224' title='bbox 989 2897 1143 2962; x_wconf 89' lang='lat' dir='ltr'>Dodonae</span> <span class='ocrx_word' id='word_1_225' title='bbox 1166 2902 1308 2978; x_wconf 78' lang='lat' dir='ltr'>reperta,</span> <span class='ocrx_word' id='word_1_226' title='bbox 1333 2916 1415 2979; x_wconf 90' lang='lat' dir='ltr'>quae</span> <span class='ocrx_word' id='word_1_227' title='bbox 1438 2906 1506 2964; x_wconf 89' lang='lat' dir='ltr'>tres</span> 
     </span>
     <span class='ocr_line' id='line_1_26' title="bbox 233 3003 1510 3089; baseline -0.001 -18"><span class='ocrx_word' id='word_1_228' title='bbox 233 3007 457 3089; x_wconf 90' lang='lat' dir='ltr'>inscriptiones</span> <span class='ocrx_word' id='word_1_229' title='bbox 473 3006 618 3087; x_wconf 82' lang='lat' dir='ltr'>praebet,</span> <span class='ocrx_word' id='word_1_230' title='bbox 637 3005 711 3071; x_wconf 82' lang='lat' dir='ltr'>o-B.</span> <span class='ocrx_word' id='word_1_231' title='bbox 737 3005 778 3070; x_wconf 88' lang='grc' dir='ltr'>Π.</span> <span class='ocrx_word' id='word_1_232' title='bbox 799 3008 880 3070; x_wconf 90' lang='grc'>1561</span> <span class='ocrx_word' id='word_1_233' title='bbox 896 3003 1005 3069; x_wconf 82' lang='lat' dir='ltr'><strong>A—G.</strong></span> <span class='ocrx_word' id='word_1_234' title='bbox 1045 3005 1153 3069; x_wconf 91' lang='lat' dir='ltr'>Media</span> <span class='ocrx_word' id='word_1_235' title='bbox 1169 3004 1248 3070; x_wconf 90' lang='lat' dir='ltr'>haec</span> <span class='ocrx_word' id='word_1_236' title='bbox 1264 3009 1328 3068; x_wconf 84' lang='lat' dir='ltr'>est:</span> <span class='ocrx_word' id='word_1_237' title='bbox 1354 3004 1510 3087; x_wconf 84' lang='grc' dir='ltr'><strong><em>ἱστορεῖ</em></strong></span> 
     </span>
     <span class='ocr_line' id='line_1_27' title="bbox 232 3106 1508 3195; baseline -0.001 -18"><span class='ocrx_word' id='word_1_238' title='bbox 232 3111 494 3195; x_wconf 69' lang='grc' dir='ltr'><strong><em>Νικοκράτμιο]</em></strong></span> <span class='ocrx_word' id='word_1_239' title='bbox 516 3114 580 3177; x_wconf 96' lang='grc' dir='ltr'><strong><em>τίνι</em></strong></span> <span class='ocrx_word' id='word_1_240' title='bbox 603 3110 698 3177; x_wconf 68' lang='grc' dir='ltr'><strong><em>θεῶν</em></strong></span> <span class='ocrx_word' id='word_1_241' title='bbox 720 3111 857 3178; x_wconf 74' lang='grc' dir='ltr'><strong><em>ιὶιίονσα</em></strong></span> <span class='ocrx_word' id='word_1_242' title='bbox 881 3109 988 3176; x_wconf 89' lang='grc' dir='ltr'><strong><em>λώὶον</em></strong></span> <span class='ocrx_word' id='word_1_243' title='bbox 1011 3111 1067 3175; x_wconf 87' lang='grc' dir='ltr'>καὶ</span> <span class='ocrx_word' id='word_1_244' title='bbox 1099 3106 1238 3192; x_wconf 84' lang='grc' dir='ltr'><strong><em>ἄμεινον</em></strong></span> <span class='ocrx_word' id='word_1_245' title='bbox 1272 3110 1419 3193; x_wconf 83' lang='grc' dir='ltr'><strong><em>πράσσοι</em></strong></span> <span class='ocrx_word' id='word_1_246' title='bbox 1452 3113 1508 3176; x_wconf 86' lang='grc' dir='ltr'>καί</span> 
     </span>
     <span class='ocr_line' id='line_1_28' title="bbox 233 3217 1507 3307; baseline -0.002 -22"><span class='ocrx_word' id='word_1_247' title='bbox 233 3224 296 3300; x_wconf 85' lang='grc' dir='ltr'><strong><em>τοῖς</em></strong></span> <span class='ocrx_word' id='word_1_248' title='bbox 318 3220 423 3286; x_wconf 87' lang='grc' dir='ltr'><strong><em>νόσον</em></strong></span> <span class='ocrx_word' id='word_1_249' title='bbox 446 3219 653 3307; x_wconf 84' lang='grc' dir='ltr'><strong><em>παίσα(ι)το.</em></strong></span> <span class='ocrx_word' id='word_1_250' title='bbox 708 3221 760 3285; x_wconf 91' lang='lat' dir='ltr'>De</span> <span class='ocrx_word' id='word_1_251' title='bbox 784 3225 892 3286; x_wconf 87' lang='lat' dir='ltr'>aetate</span> <span class='ocrx_word' id='word_1_252' title='bbox 916 3218 1136 3300; x_wconf 88' lang='lat' dir='ltr'>inscriptionis</span> <span class='ocrx_word' id='word_1_253' title='bbox 1168 3217 1247 3283; x_wconf 90' lang='lat' dir='ltr'>nihil</span> <span class='ocrx_word' id='word_1_254' title='bbox 1276 3223 1411 3284; x_wconf 88' lang='lat' dir='ltr'>constat.</span> <span class='ocrx_word' id='word_1_255' title='bbox 1458 3217 1507 3283; x_wconf 87' lang='lat' dir='ltr'>Ne</span> 
     </span>
     <span class='ocr_line' id='line_1_29' title="bbox 233 3325 1508 3410; baseline -0.002 -18"><span class='ocrx_word' id='word_1_256' title='bbox 233 3328 286 3392; x_wconf 93' lang='lat' dir='ltr'>hic</span> <span class='ocrx_word' id='word_1_257' title='bbox 310 3328 437 3410; x_wconf 88' lang='lat' dir='ltr'>quidem</span> <span class='ocrx_word' id='word_1_258' title='bbox 462 3327 576 3392; x_wconf 88' lang='lat' dir='ltr'>titulus</span> <span class='ocrx_word' id='word_1_259' title='bbox 600 3327 751 3393; x_wconf 92' lang='lat' dir='ltr'>Doricam</span> <span class='ocrx_word' id='word_1_260' title='bbox 775 3327 946 3392; x_wconf 87' lang='lat' dir='ltr'>dialectum</span> <span class='ocrx_word' id='word_1_261' title='bbox 971 3326 1192 3406; x_wconf 90' lang='lat' dir='ltr'>incorruptam</span> <span class='ocrx_word' id='word_1_262' title='bbox 1216 3326 1359 3406; x_wconf 87' lang='lat' dir='ltr'>praebet</span> <span class='ocrx_word' id='word_1_263' title='bbox 1409 3325 1508 3391; x_wconf 90' lang='lat' dir='ltr'>Tituli</span> 
     </span>
     <span class='ocr_line' id='line_1_30' title="bbox 235 3432 1507 3513; baseline -0.001 -13"><span class='ocrx_word' id='word_1_264' title='bbox 235 3436 315 3501; x_wconf 89' lang='lat' dir='ltr'>satis</span> <span class='ocrx_word' id='word_1_265' title='bbox 349 3440 496 3501; x_wconf 91' lang='lat' dir='ltr'>recentes</span> <span class='ocrx_word' id='word_1_266' title='bbox 531 3434 681 3500; x_wconf 87' lang='lat' dir='ltr'>videntur</span> <span class='ocrx_word' id='word_1_267' title='bbox 717 3453 801 3513; x_wconf 87' lang='lat' dir='ltr'>esse,</span> <span class='ocrx_word' id='word_1_268' title='bbox 842 3439 877 3498; x_wconf 91' lang='lat' dir='ltr'>ut</span> <span class='ocrx_word' id='word_1_269' title='bbox 910 3433 1085 3500; x_wconf 84' lang='lat' dir='ltr'>verisimile</span> <span class='ocrx_word' id='word_1_270' title='bbox 1119 3432 1163 3498; x_wconf 90' lang='lat' dir='ltr'>sit</span> <span class='ocrx_word' id='word_1_271' title='bbox 1197 3432 1340 3513; x_wconf 90' lang='grc' dir='ltr'><strong><em>ἱστορέω</em></strong></span> <span class='ocrx_word' id='word_1_272' title='bbox 1375 3433 1507 3499; x_wconf 83' lang='lat' dir='ltr'>verbum</span> 
     </span>
     <span class='ocr_line' id='line_1_31' title="bbox 235 3538 1508 3625; baseline 0 -18"><span class='ocrx_word' id='word_1_273' title='bbox 235 3543 361 3608; x_wconf 91' lang='lat' dir='ltr'>illatum</span> <span class='ocrx_word' id='word_1_274' title='bbox 385 3561 455 3608; x_wconf 90' lang='lat' dir='ltr'>esse</span> <span class='ocrx_word' id='word_1_275' title='bbox 479 3562 519 3608; x_wconf 81' lang='lat' dir='ltr'>ex</span> <span class='ocrx_word' id='word_1_276' title='bbox 540 3542 652 3624; x_wconf 84' lang='lat' dir='ltr'>lingua</span> <span class='ocrx_word' id='word_1_277' title='bbox 676 3542 832 3606; x_wconf 90' lang='lat' dir='ltr'>communi</span> <span class='ocrx_word' id='word_1_278' title='bbox 856 3543 904 3625; x_wconf 89' lang='lat' dir='ltr'>(ut</span> <span class='ocrx_word' id='word_1_279' title='bbox 927 3538 1046 3621; x_wconf 76' lang='grc' dir='ltr'><strong><em>δέλτος</em></strong></span> <span class='ocrx_word' id='word_1_280' title='bbox 1066 3541 1099 3605; x_wconf 94' lang='lat' dir='ltr'>in</span> <span class='ocrx_word' id='word_1_281' title='bbox 1116 3544 1312 3606; x_wconf 86' lang='lat' dir='ltr'>testamento</span> <span class='ocrx_word' id='word_1_282' title='bbox 1328 3540 1508 3625; x_wconf 84' lang='lat' dir='ltr'>Epictetae‚</span> 
     </span>
     <span class='ocr_line' id='line_1_32' title="bbox 234 3647 1235 3733; baseline -0.002 -19"><span class='ocrx_word' id='word_1_283' title='bbox 234 3670 265 3732; x_wconf 95' lang='lat' dir='ltr'>p.</span> <span class='ocrx_word' id='word_1_284' title='bbox 283 3652 347 3733; x_wconf 84' lang='lat'>14),</span> <span class='ocrx_word' id='word_1_285' title='bbox 371 3649 427 3714; x_wconf 94' lang='lat' dir='ltr'>ubi</span> <span class='ocrx_word' id='word_1_286' title='bbox 450 3650 581 3715; x_wconf 86' lang='lat' dir='ltr'>verbum</span> <span class='ocrx_word' id='word_1_287' title='bbox 605 3647 899 3731; x_wconf 87' lang='lat' dir='ltr'>frequentissimum</span> <span class='ocrx_word' id='word_1_288' title='bbox 922 3649 1021 3713; x_wconf 85' lang='lat' dir='ltr'>fuisse</span> <span class='ocrx_word' id='word_1_289' title='bbox 1044 3647 1235 3714; x_wconf 83' lang='lat' dir='ltr'>videbimus.</span> 
     </span>
    </p>

    <p class='ocr_par' dir='ltr' id='par_1_5' title="bbox 235 3753 1512 4379">
     <span class='ocr_line' id='line_1_33' title="bbox 342 3753 1510 3840; baseline -0.003 -18"><span class='ocrx_word' id='word_1_290' title='bbox 342 3758 435 3840; x_wconf 83' lang='lat' dir='ltr'>Apud</span> <span class='ocrx_word' id='word_1_291' title='bbox 458 3758 625 3840; x_wconf 84' lang='lat' dir='ltr'>tragicos</span> <span class='ocrx_word' id='word_1_292' title='bbox 649 3765 784 3839; x_wconf 88' lang='lat' dir='ltr'>poetas</span> <span class='ocrx_word' id='word_1_293' title='bbox 808 3756 951 3839; x_wconf 92' lang='grc' dir='ltr'><strong><em>ἱστορέω</em></strong></span> <span class='ocrx_word' id='word_1_294' title='bbox 974 3754 1125 3838; x_wconf 89' lang='lat' dir='ltr'>frequens</span> <span class='ocrx_word' id='word_1_295' title='bbox 1149 3761 1200 3819; x_wconf 87' lang='lat' dir='ltr'>est</span> <span class='ocrx_word' id='word_1_296' title='bbox 1224 3759 1257 3819; x_wconf 89' lang='lat' dir='ltr'>et</span> <span class='ocrx_word' id='word_1_297' title='bbox 1278 3753 1398 3837; x_wconf 89' lang='lat' dir='ltr'>ubique</span> <span class='ocrx_word' id='word_1_298' title='bbox 1414 3773 1510 3821; x_wconf 90' lang='lat' dir='ltr'>sensu</span> 
     </span>
     <span class='ocr_line' id='line_1_34' title="bbox 235 3861 1508 3947; baseline -0.003 -16"><span class='ocrx_word' id='word_1_299' title='bbox 235 3866 420 3931; x_wconf 91' lang='lat' dir='ltr'>Herodoteo</span> <span class='ocrx_word' id='word_1_300' title='bbox 444 3871 634 3947; x_wconf 65' lang='lat' dir='ltr'>usurpatum</span> <span class='ocrx_word' id='word_1_301' title='bbox 659 3865 777 3946; x_wconf 85' lang='lat' dir='ltr'>legitur</span> <span class='ocrx_word' id='word_1_302' title='bbox 802 3870 908 3929; x_wconf 87' lang='lat' dir='ltr'>autem</span> <span class='ocrx_word' id='word_1_303' title='bbox 932 3864 964 3927; x_wconf 94' lang='lat' dir='ltr'>in</span> <span class='ocrx_word' id='word_1_304' title='bbox 990 3863 1057 3928; x_wconf 91' lang='lat' dir='ltr'>solo</span> <span class='ocrx_word' id='word_1_305' title='bbox 1075 3862 1233 3928; x_wconf 84' lang='lat' dir='ltr'>diverbio:</span> <span class='ocrx_word' id='word_1_306' title='bbox 1258 3861 1372 3926; x_wconf 79' lang='lat' dir='ltr'>dasch.</span> <span class='ocrx_word' id='word_1_307' title='bbox 1418 3862 1508 3928; x_wconf 91' lang='lat' dir='ltr'>Pers.</span> 
     </span>
     <span class='ocr_line' id='line_1_35' title="bbox 237 3965 1510 4060; baseline -0.006 -21"><span class='ocrx_word' id='word_1_308' title='bbox 237 3977 302 4040; x_wconf 82' lang='lat'>454</span> <span class='ocrx_word' id='word_1_309' title='bbox 318 3972 411 4060; x_wconf 84' lang='grc'><strong>(452)</strong></span> <span class='ocrx_word' id='word_1_310' title='bbox 446 3977 562 4053; x_wconf 81' lang='grc' dir='ltr'><strong><em>κακῶς</em></strong></span> <span class='ocrx_word' id='word_1_311' title='bbox 595 3971 634 4037; x_wconf 89' lang='grc' dir='ltr'><strong><em>τὸ</em></strong></span> <span class='ocrx_word' id='word_1_312' title='bbox 669 3970 796 4054; x_wconf 88' lang='grc' dir='ltr'><strong><em>μέλλον</em></strong></span> <span class='ocrx_word' id='word_1_313' title='bbox 831 3972 1017 4051; x_wconf 86' lang='grc' dir='ltr'><strong><em>ἱστορῶν.</em></strong></span> <span class='ocrx_word' id='word_1_314' title='bbox 1075 3968 1162 4050; x_wconf 86' lang='lat' dir='ltr'>Sept.</span> <span class='ocrx_word' id='word_1_315' title='bbox 1189 3971 1253 4033; x_wconf 89' lang='grc'>506</span> <span class='ocrx_word' id='word_1_316' title='bbox 1277 3966 1369 4054; x_wconf 88' lang='grc'><strong>(489)</strong></span> <span class='ocrx_word' id='word_1_317' title='bbox 1393 3965 1510 4032; x_wconf 67' lang='grc' dir='ltr'><strong><em>ιὶέλων</em></strong></span> 
     </span>
     <span class='ocr_line' id='line_1_36' title="bbox 237 4074 1510 4163; baseline -0.005 -17"><span class='ocrx_word' id='word_1_318' title='bbox 237 4080 497 4163; x_wconf 82' lang='grc' dir='ltr'><strong><em>ἐξιστορῆσαι</em></strong></span> <span class='ocrx_word' id='word_1_319' title='bbox 518 4083 653 4161; x_wconf 92' lang='grc' dir='ltr'><strong><em>μοῖραν.</em></strong></span> <span class='ocrx_word' id='word_1_320' title='bbox 705 4079 889 4144; x_wconf 73' lang='lat' dir='ltr'>Pronoea</span> <span class='ocrx_word' id='word_1_321' title='bbox 908 4075 1009 4162; x_wconf 87' lang='grc'><strong>(631).</strong></span> <span class='ocrx_word' id='word_1_322' title='bbox 1043 4074 1106 4157; x_wconf 81' lang='grc' dir='ltr'><strong><em>τὴν</em></strong></span> <span class='ocrx_word' id='word_1_323' title='bbox 1121 4074 1224 4159; x_wconf 76' lang='grc' dir='ltr'><strong><em>τῆσδε</em></strong></span> <span class='ocrx_word' id='word_1_324' title='bbox 1239 4079 1379 4157; x_wconf 86' lang='grc' dir='ltr'><strong><em>πρῶτον</em></strong></span> <span class='ocrx_word' id='word_1_325' title='bbox 1403 4075 1510 4140; x_wconf 91' lang='grc' dir='ltr'><strong><em>ἱστο-</em></strong></span> 
     </span>
     <span class='ocr_line' id='line_1_37' title="bbox 238 4180 1510 4271; baseline -0.005 -17"><span class='ocrx_word' id='word_1_326' title='bbox 238 4189 418 4271; x_wconf 80' lang='grc' dir='ltr'><strong><em>ρήσομεν</em></strong></span> <span class='ocrx_word' id='word_1_327' title='bbox 441 4187 555 4252; x_wconf 90' lang='grc' dir='ltr'><strong><em>νόσον.</em></strong></span> <span class='ocrx_word' id='word_1_328' title='bbox 614 4186 718 4251; x_wconf 94' lang='lat' dir='ltr'>Prom.</span> <span class='ocrx_word' id='word_1_329' title='bbox 735 4186 799 4250; x_wconf 90' lang='grc'>963</span> <span class='ocrx_word' id='word_1_330' title='bbox 822 4184 913 4271; x_wconf 89' lang='grc'>(962)</span> <span class='ocrx_word' id='word_1_331' title='bbox 938 4204 1008 4250; x_wconf 95' lang='lat' dir='ltr'>cum</span> <span class='ocrx_word' id='word_1_332' title='bbox 1043 4189 1181 4250; x_wconf 88' lang='lat' dir='ltr'>accusat.</span> <span class='ocrx_word' id='word_1_333' title='bbox 1218 4201 1303 4265; x_wconf 88' lang='lat' dir='ltr'>pers.</span> <span class='ocrx_word' id='word_1_334' title='bbox 1352 4180 1401 4247; x_wconf 82' lang='grc' dir='ltr'>ὧν</span> <span class='ocrx_word' id='word_1_335' title='bbox 1425 4181 1510 4248; x_wconf 85' lang='grc' dir='ltr'><strong><em>οἱνι-</em></strong></span> 
     </span>
     <span class='ocr_line' id='line_1_38' title="bbox 239 4288 1512 4379; baseline -0.003 -19"><span class='ocrx_word' id='word_1_336' title='bbox 239 4300 399 4378; x_wconf 84' lang='grc' dir='ltr'><strong><em>στορεῐς</em></strong></span> <span class='ocrx_word' id='word_1_337' title='bbox 437 4294 505 4378; x_wconf 90' lang='grc' dir='ltr'><strong><em>έμέ.</em></strong></span> <span class='ocrx_word' id='word_1_338' title='bbox 563 4295 621 4377; x_wconf 83' lang='lat' dir='ltr'>Ag.</span> <span class='ocrx_word' id='word_1_339' title='bbox 646 4296 709 4358; x_wconf 81' lang='grc'>676</span> <span class='ocrx_word' id='word_1_340' title='bbox 739 4291 830 4379; x_wconf 88' lang='grc'><strong>(654)</strong></span> <span class='ocrx_word' id='word_1_341' title='bbox 866 4290 961 4372; x_wconf 82' lang='grc' dir='ltr'><strong><em>ἀκτίς</em></strong></span> <span class='ocrx_word' id='word_1_342' title='bbox 994 4289 1093 4374; x_wconf 80' lang='grc' dir='ltr'><strong><em>ἡλίου</em></strong></span> <span class='ocrx_word' id='word_1_343' title='bbox 1116 4312 1169 4356; x_wconf 96' lang='grc' dir='ltr'>νιν</span> <span class='ocrx_word' id='word_1_344' title='bbox 1201 4291 1357 4373; x_wconf 87' lang='grc' dir='ltr'><strong><em>ἱστορεῖ</em></strong></span> <span class='ocrx_word' id='word_1_345' title='bbox 1389 4288 1512 4375; x_wconf 91' lang='lat' dir='ltr'>(Mene-</span> 
     </span>
    </p>
   </div>
   <div class='ocr_carea' id='block_1_3' title="bbox 238 4395 1513 4594">
    <p class='ocr_par' dir='ltr' id='par_1_6' title="bbox 238 4395 1513 4594">
     <span class='ocr_line' id='line_1_39' title="bbox 238 4395 1512 4488; baseline -0.005 -21"><span class='ocrx_word' id='word_1_346' title='bbox 238 4403 337 4482; x_wconf 88' lang='lat' dir='ltr'>laum)</span> <span class='ocrx_word' id='word_1_347' title='bbox 360 4405 365 4488; x_wconf 89' lang='grc'><strong>)</strong></span> <span class='ocrx_word' id='word_1_348' title='bbox 385 4403 442 4469; x_wconf 84' lang='grc' dir='ltr'>καί</span> <span class='ocrx_word' id='word_1_349' title='bbox 466 4401 577 4484; x_wconf 84' lang='grc' dir='ltr'><strong><em>ζῶντα</em></strong></span> <span class='ocrx_word' id='word_1_350' title='bbox 600 4402 656 4466; x_wconf 84' lang='grc' dir='ltr'>καί</span> <span class='ocrx_word' id='word_1_351' title='bbox 678 4398 859 4484; x_wconf 82' lang='grc' dir='ltr'><strong><em>βλέποντα.</em></strong></span> <span class='ocrx_word' id='word_1_352' title='bbox 895 4398 1037 4481; x_wconf 85' lang='lat' dir='ltr'>Choeph.</span> <span class='ocrx_word' id='word_1_353' title='bbox 1056 4401 1118 4464; x_wconf 82' lang='grc'>618</span> <span class='ocrx_word' id='word_1_354' title='bbox 1136 4397 1227 4486; x_wconf 89' lang='grc'><strong>(659)</strong></span> <span class='ocrx_word' id='word_1_355' title='bbox 1244 4395 1512 4480; x_wconf 79' lang='grc' dir='ltr'><strong><em>ἐξιστορήσας</em></strong></span> 
     </span>
     <span class='ocr_line' id='line_1_40' title="bbox 239 4504 1513 4594; baseline -0.006 -18"><span class='ocrx_word' id='word_1_356' title='bbox 239 4511 296 4576; x_wconf 82' lang='grc' dir='ltr'>καί</span> <span class='ocrx_word' id='word_1_357' title='bbox 319 4511 511 4594; x_wconf 75' lang='grc' dir='ltr'><strong><em>σαφηνίσας</em></strong></span> <span class='ocrx_word' id='word_1_358' title='bbox 535 4506 627 4574; x_wconf 77' lang='grc' dir='ltr'><strong><em>ὁδόν.</em></strong></span> <span class='ocrx_word' id='word_1_359' title='bbox 675 4507 770 4590; x_wconf 86' lang='lat' dir='ltr'>Soph.</span> <span class='ocrx_word' id='word_1_360' title='bbox 796 4507 845 4572; x_wconf 85' lang='lat' dir='ltr'>El.</span> <span class='ocrx_word' id='word_1_361' title='bbox 863 4508 927 4572; x_wconf 91' lang='grc'>316</span> <span class='ocrx_word' id='word_1_362' title='bbox 952 4506 1001 4588; x_wconf 86' lang='grc' dir='ltr'>ὡς</span> <span class='ocrx_word' id='word_1_363' title='bbox 1023 4509 1086 4571; x_wconf 82' lang='grc' dir='ltr'>νῦν</span> <span class='ocrx_word' id='word_1_364' title='bbox 1111 4504 1261 4587; x_wconf 86' lang='grc' dir='ltr'><strong><em>ἀπόντος</em></strong></span> <span class='ocrx_word' id='word_1_365' title='bbox 1284 4504 1455 4587; x_wconf 81' lang='grc' dir='ltr'><strong><em>ἱστόρει,</em></strong></span> <span class='ocrx_word' id='word_1_366' title='bbox 1480 4505 1513 4569; x_wconf 93' lang='grc' dir='ltr'><strong><em>τί</em></strong></span> 
     </span>
    </p>
   </div>
   <div class='ocr_carea' id='block_1_4' title="bbox 0 0 1610 5062">
    <p class='ocr_par' dir='ltr' id='par_1_7' title="bbox 0 0 1610 5062">
     <span class='ocr_line' id='line_1_41' title="bbox 0 0 1610 5062; baseline 0 0"><span class='ocrx_word' id='word_1_367' title='bbox 0 0 1610 5062; x_wconf 95' lang='lat' dir='ltr'> </span> 
     </span>
    </p>
   </div>
  </div>
 </body>
</html>
