3188 5062
636 281 852 346 ..35-

217 459 327 544 Φερνή
353 461 438 543 apud
456 461 635 542 complures
652 460 808 526 Graeciae
832 465 946 541 gentes
969 461 1002 524 in
1025 479 1094 538 usn
1109 459 1180 543 fnit,
1205 459 1263 528 sed
1282 479 1380 528 sensu

108 571 197 637 varie
229 574 365 636 mutato.
412 569 507 650 Apud
529 568 728 635 Dotenses
755 568 874 650 legitur
901 570 935 634 in
965 569 1175 650 inscriptione
1205 569 1382 650 Epidauria

107 679 161 744 IG.
179 677 246 743 Pel.
270 678 329 742 ino.
346 677 405 743 vic.
428 676 451 740 Ι.
471 678 546 757 914,
571 696 601 758 p.
620 678 691 742 191.
731 672 834 755 ιί[ύεν
857 672 923 763 alul
945 673 1091 740 νισλαίὸα
1114 679 1169 741 ado
1185 674 1298 741 Λατοῖ
1317 672 1383 762 noll

115 783 295 868 Ἄρτάμιτι,
329 780 437 848 ἄλλαν
467 780 626 871 picoaldo
654 787 717 848 τῶι
747 781 829 847 dacin
852 781 977 865 apcddo
1000 781 1208 870 μέὸήμγινον,
1242 786 1381 866 σισυρῶν

109 890 327 979 ήμίὸιμγι)νον
344 940 351 955 .
370 944 403 958 ..
429 890 483 955 ἐιιί
512 894 573 955 τοῦ
596 887 725 979 diupei>
749 893 810 975 τοῦ
840 887 1044 955 Ἂσκλαπιοῦ
1067 887 1163 977 dalaia
1189 893 1298 955 ταῦτα
1327 890 1384 955 καὶ

108 997 256 1064 καλαίὸα
274 995 440 1086 ἀνή)έντω
457 1001 520 1063 τῶι
538 996 742 1063 Ἀσνιλαιιιῶι
759 994 920 1085 φερ)νὰν
935 996 1061 1080 appoto
1075 996 1275 1081 μέδιμγινον,
1293 993 1383 1082 clrio-

111 1110 182 1188 ρῶν
218 1103 435 1188 ήμίὸιμμνον,
463 1086 567 1169 Ιοίνοο
601 1105 755 1187 ήμίτειαν
773 1160 780 1173 .
798 1155 831 1173 ..
878 1106 1047 1188 Nonnullis
1075 1107 1124 1172 dis
1156 1124 1248 1172 sacra
1272 1102 1382 1184 fiunto,

112 1214 219 1296 φερνή
250 1213 350 1294 igitur
378 1233 442 1279 non
471 1218 522 1280 est
552 1213 619 1293 dos,
650 1215 706 1279 sed
735 1213 871 1295 simplex
899 1214 1016 1279 donum
1046 1214 1152 1296 „quod
1177 1209 1382 1295 pdpccac“¹).

109 1321 216 1386 Etiam
245 1321 387 1386 Aeoles
416 1340 493 1387 voce
523 1321 629 1403 φερνή
658 1321 709 1386 usi
738 1327 822 1405 sunt,
859 1322 948 1387 cuius
976 1320 1078 1387 forma
1108 1322 1193 1402 apud
1223 1339 1278 1385 eos
1315 1324 1386 1384 erat

112 1428 248 1510 φέρενα,
286 1426 324 1492 cf.
354 1428 529 1494 Herodian.
562 1448 598 1495 ιι.
621 1448 697 1510 γιον.
722 1426 786 1510 λεξ.
811 1425 860 1509 Π,
889 1449 920 1510 p.
938 1429 1056 1492 9399
1086 1429 1226 1510 φέρενα·
1266 1426 1383 1509 φερνή.

110 1532 249 1615 Αἰολεῖς
273 1532 311 1599 δὲ
335 1535 481 1617 φέρενσν
505 1533 612 1617 αὐτήν
635 1533 789 1615 λέγουσιν
813 1534 942 1618 ὁμοίως
957 1539 998 1617 τῇ
1015 1532 1170 1614 Ἕλενον,
1195 1535 1264 1600 sim.
1290 1541 1383 1616 etym.

109 1661 215 1723 magn.
252 1661 283 1724 p.
307 1643 381 1708 790.
407 1644 458 1708 41.
518 1643 565 1707 De
600 1641 791 1709 formatione
825 1644 898 1709 ride
932 1642 1116 1719 Hoffmann,
1153 1662 1199 1726 gr.
1233 1643 1317 1708 Dial.
1340 1641 1386 1723 Il,

110 1770 140 1834 p.
160 1751 225 1815 248
250 1756 283 1815 et
307 1750 381 1816 529.
429 1750 511 1829 Quid
535 1749 766 1832 significaverit
790 1770 861 1833 vox,
887 1752 1055 1817 nescimus.

219 1857 335 1922 Dotem
364 1864 472 1922 aritern
495 1856 657 1938 significat
681 1860 788 1941 φερνή
813 1860 899 1940 apud
921 1859 1035 1924 Iones
1059 1857 1178 1924 Herod.
1204 1856 1228 1924 I.
1254 1857 1310 1921 93:
1351 1857 1385 1920 αῖ

111 1963 300 2047 θυγατέρες
323 1965 548 2046 πορνεύονται
563 1968 669 2030 πᾶσαι
689 1964 912 2047 συλλέγουσαι
930 1986 1024 2050 σφισι
1047 1963 1209 2047 φερνάς.
1249 1963 1385 2029 Eodem-

115 2091 174 2155 que
200 2089 297 2138 sensu
320 2073 406 2154 apud
427 2072 579 2138 Atticos
603 2073 777 2155 scriptores
800 2075 920 2156 legitur
943 2075 994 2139 his
1017 2073 1111 2139 locis:
1145 2071 1290 2152 Xenoph.
1308 2071 1384 2136 inst.

113 2178 197 2264 Gyri.
216 2181 245 2245 8.
272 2182 301 2245 5.
329 2182 367 2243 19
405 2177 583 2262 έιιιὸίὸωγιι
614 2178 651 2245 δὲ
679 2179 765 2263 αὐτῇ
794 2180 860 2262 ἐγὼ
887 2181 943 2245 καί
976 2178 1129 2262 φερνήν
1158 2175 1296 2259 Μηδίαν
1324 2176 1387 2259 τήν

112 2291 239 2352 πᾶσαν.
285 2287 434 2353 Aeschin.
459 2306 494 2352 ιι.
518 2306 671 2371 ιισραιιρ.
696 2289 735 2352 31
767 2289 844 2370 ιιερί
867 2288 929 2372 μέν
953 2285 1015 2352 οὗν
1038 2291 1099 2369 τής
1123 2283 1161 2366 ἐξ
1182 2282 1287 2365 ἀρχῆς
1309 2282 1386 2363 κτή-

114 2413 201 2475 σεφς
235 2398 297 2477 ιής
322 2394 439 2476 χώρας
467 2395 523 2459 καί
551 2398 621 2459 τῶν
651 2393 789 2477 Θησέως
818 2393 962 2474 παίδων,
998 2392 1048 2458 ὧν
1082 2390 1231 2474 Ἀκάμας
1258 2387 1388 2470 λέγεται

115 2500 271 2584 φερνήν
301 2500 356 2564 tut
383 2504 424 2583 τῇ
448 2501 579 2582 γυναικὶ
609 2499 727 2585 λαβεῖν
758 2500 821 2584 τήν
846 2502 965 2585 χώραν
992 2501 1120 2584 ταύτην
1138 2554 1144 2568 .
1164 2547 1196 2567 ..
1221 2496 1299 2560 τότε
1325 2493 1388 2577 μέν

115 2607 265 2691 ἥρμοττε
281 2605 397 2690 λέγειν.
435 2608 556 2674 Unicus
579 2609 632 2674 hic
655 2610 744 2676 locus
769 2615 818 2676 est
834 2611 920 2692 apud
937 2611 1127 2692 scriptorem
1143 2625 1218 2672 vere
1235 2605 1386 2682 Atticum,

115 2735 215 2798 qnare
238 2716 354 2781 Pollux
378 2716 418 2781 ad
443 2735 513 2781 eum
538 2717 676 2782 recurrit
699 2719 732 2782 in
757 2720 1007 2784 commendanda
1029 2735 1106 2784 voce
1130 2715 1187 2779 ΠΙ.
1210 2714 1251 2778 35
1280 2709 1389 2791 λέγοις

116 2820 149 2887 d'
168 2820 210 2887 ἂν
233 2828 360 2906 ιιροῖνια
384 2824 440 2888 καί
465 2823 594 2906 φερνήν
616 2823 679 2906 τήν
702 2823 797 2906 παρὰ
821 2828 882 2906 τής
905 2822 1062 2905 γυναικὸς
1087 2820 1191 2888 δόσιν.
1228 2816 1389 2899 Αἰσχίνης

118 2928 181 3013 γὰρ
207 2927 360 3012 ὀρήτωρ
384 2929 446 3012 τήν
469 2935 596 3012 ιιροῖνια
620 2930 748 3013 φερνήν
771 2929 877 2999 καλεῖ.
916 2933 1062 3013 Denique
1083 2930 1133 2996 bis
1150 2929 1235 3010 apud
1252 2925 1387 2991 comicos

117 3042 231 3120 poetas
249 3039 280 3102 in
297 3038 544 3104 Anaxandridae
560 3039 620 3120 frg.
633 3041 687 3106 41.
705 3040 747 3104 23
764 3040 868 3121 (Kock
883 3039 923 3104 Il.
940 3040 1013 3120 152,
1037 3038 1112 3102 Mei.
1125 3036 1183 3101 IlI.
1200 3033 1276 3115 183)
1293 3051 1387 3114 anap.

118 3145 272 3227 φερνάς
294 3163 331 3210 τε
355 3142 472 3228 λαβεῖν
496 3143 557 3210 ddo
582 3145 645 3228 μέν
668 3144 807 3228 ξανήῶν
828 3145 945 3210 ῖιιιιων
962 3143 1094 3226 ἀγέλας,
1121 3149 1153 3210 et
1169 3142 1200 3207 in
1218 3139 1387 3206 Menandri

115 3252 175 3334 irg.
195 3254 280 3318 1080
304 3253 410 3338 (Kock
425 3253 482 3318 Ill.
502 3254 576 3335 263,
601 3254 677 3319 Mei.
694 3254 748 3318 IV.
767 3252 844 3339 317)
862 3259 957 3336 etym.
974 3272 1080 3335 magn.
1104 3272 1136 3334 p.
1151 3252 1224 3315 710.
1242 3250 1284 3313 49
1310 3266 1389 3329 φερ-

117 3359 180 3441 νήν
204 3357 242 3424 δὲ
264 3359 327 3442 τήν
350 3365 476 3442 προῖκα
500 3360 557 3424 καί
579 3358 740 3442 Αἰσχίνης
762 3360 819 3424 καί
841 3357 1091 3442 Μένανδρος.

223 3468 437 3534 Athenienses
466 3469 565 3533 etiam
588 3467 817 3533 deminutivum
840 3468 978 3551 φερνίον
1007 3464 1232 3542 adhibuerunt,
1269 3461 1326 3527 sed
1355 3460 1387 3524 id

118 3574 246 3658 quidem
264 3593 361 3642 sensu
377 3576 473 3657 longe
486 3575 612 3641 diverso
626 3576 666 3640 de
681 3577 879 3657 „spor·tula“‚
895 3595 923 3641 v.
936 3575 1025 3639 Eust.
1040 3574 1081 3639 ad
1093 3572 1185 3637 Hom.
1201 3591 1233 3653 p.
1244 3570 1317 3634 752.
1334 3569 1389 3632 59;

120 3683 242 3764 φερνία
258 3678 296 3745 δέ
312 3681 443 3764 ἰχθύων
459 3680 630 3766 σπυρίδος.
666 3680 882 3765 Μένανδρος·
907 3682 925 3747 ὁ
942 3680 1096 3760 προσιὼν
1117 3680 1121 3765 Ι
1142 3679 1251 3761 γέρων
1268 3673 1391 3755 ἁλιεὺς,

118 3788 203 3870 παρ’
218 3785 259 3851 οὗ
277 3787 317 3852 τὸ
335 3789 475 3871 φερνίον
490 3790 607 3872 τρίτην
628 3789 633 3874 l
653 3789 782 3872 ταύτην
799 3787 982 3872 έιιριάμειλ’
998 3788 1139 3871 ἡμέραν.
1164 3785 1203 3853 cf.
1222 3783 1392 3849 Menandri

120 3893 180 3975 frg.
200 3898 262 3959 717
289 3897 394 3979 (Kock
408 3896 465 3963 111.
487 3901 561 3979 204,
587 3898 661 3964 Mei.
678 3897 733 3961 IV.
752 3898 841 3978 253).
882 3897 983 3963 Simil.
1004 3896 1084 3961 Poll.
1110 3894 1164 3961 VI.
1183 3895 1235 3974 94,
1259 3892 1298 3956 Χ.
1320 3892 1391 3970 132,

118 4001 195 4068 Hes.
232 4021 258 4069 s.
286 4022 315 4068 v.
347 4005 483 4087 φέρμισ.
543 4004 710 4087 Scriptura
743 4006 881 4088 φερνίον
916 4022 1092 4085 sensusque
1128 4002 1392 4068 commemoratus

119 4108 348 4176 confirmantur
366 4112 446 4178 locis
463 4112 605 4194 Alciphr.
621 4114 645 4194 I,
671 4132 721 4195 ep.
741 4115 759 4177 9
785 4119 818 4178 et
841 4112 909 4178 Ael.
926 4112 964 4180 N.
984 4112 1021 4177 A.
1045 4109 1147 4176 XVII.
1166 4109 1216 4173 18.
1254 4106 1394 4189 φερνίον

119 4216 219 4299 igitur
244 4223 304 4298 est,
329 4238 390 4301 quo
416 4219 492 4301 quid
517 4219 665 4301 φέρεται,
698 4220 782 4286 sicut
806 4217 935 4302 ἀρτάνη
960 4224 1019 4300 est,
1051 4237 1113 4301 quo
1137 4216 1214 4299 quid
1239 4213 1392 4296 ἀρτᾶται.

225 4464 249 4535 1)
274 4465 308 4519 In
326 4465 505 4535 inscriptione
524 4465 703 4534 Calaurionsi,
731 4467 769 4521 Le
788 4467 851 4533 Bas,
878 4466 960 4521 inser.
980 4464 1013 4521 de
1033 4462 1136 4532 Morte,
1155 4463 1223 4518 iaso.
1242 4464 1268 4531 5,
1292 4477 1318 4530 p.
1333 4463 1394 4527 221,

119 4569 160 4608 nr.
174 4555 233 4610 286.
250 4557 266 4610 6
284 4555 323 4625 (v.
335 4553 404 4613 thas.
419 4555 527 4627 Steph.)
547 4550 632 4628 φερνέ
647 4556 755 4612 omnino
767 4571 822 4610 non
833 4555 945 4625 legitur,
965 4554 999 4609 ef.
1012 4553 1109 4610 roret
1123 4553 1146 4608 1.
1163 4571 1190 4624 p.
1199 4553 1266 4698 3279,
1278 4567 1319 4605 nr.
1333 4551 1395 4606 840.
