3188 5062
679 249 899 316 ..43-

156 433 218 500 nisi
241 431 376 515 μεταξύ.
422 431 543 497 Eodem
572 449 668 496 sensu
691 435 780 496 extat
807 433 892 514 apud
917 432 1050 497 Aristot.
1076 431 1105 497 d.
1130 435 1227 513 partt.
1254 432 1349 497 anirn.
1376 433 1428 509 14,

156 562 187 624 p.
203 544 265 606 676
279 561 298 605 a
315 543 333 606 2
358 537 435 604 τότε
458 537 520 621 γὰρ
544 536 610 621 aido
633 540 831 621 μεταίχμιον
849 541 973 619 γίνεται
988 542 1058 603 τῶν
1074 539 1193 603 τόπων
1209 536 1427 622 ἀμφοτέρων,

158 656 195 715 ut
215 649 311 731 paulo
328 651 403 713 ante
414 644 539 728 μεταξύ
556 647 690 725 dixerat,
707 653 740 712 et
754 648 952 728 posteriores
968 647 1054 712 velut
1070 646 1144 713 Luc.
1159 665 1258 712 amor.
1272 649 1325 728 40,
1342 647 1428 711 Plut.

158 756 249 821 Brut.
267 757 319 832 48,
344 754 443 820 schol.
462 753 574 818 hesoh.
592 752 679 834 Sept.
699 755 762 818 763
779 755 872 838 (746)
883 752 918 835 ¹).

263 865 327 927 Res
344 862 442 943 igitur
460 861 570 926 eadem
587 868 636 926 est
652 866 749 942 atquo
764 861 798 926 in
811 861 940 927 vocibus
954 858 1149 944 ἀμφιδέξιος
1165 866 1198 926 et
1215 857 1428 943 ἀμφιλαφής.

158 969 253 1051 Apud
277 970 371 1034 Iones
395 987 456 1034 vox
479 969 610 1050 proprie
635 974 667 1032 et
690 968 809 1033 tralato
832 976 1017 1050 usurpetur,
1041 969 1127 1050 apud
1150 968 1275 1033 Atticos
1300 968 1428 1032 omnino

158 1097 222 1142 non
245 1080 323 1141 nota
347 1081 405 1158 est,
430 1077 601 1159 tragoedia
623 1095 716 1141 usum
738 1076 884 1158 sequitur
898 1077 1020 1142 Ionum.
1057 1076 1157 1154 Quem
1174 1093 1363 1141 eonsensum
1378 1075 1431 1140 vix

160 1184 329 1267 quisquam
353 1184 526 1249 contendat
547 1183 715 1249 fortuitum
737 1201 817 1248 esse.
856 1183 961 1261 Quare
975 1202 1036 1248 vox
1051 1188 1185 1265 propter
1202 1200 1314 1248 causes
1331 1200 1430 1264 supra

160 1292 317 1358 indicatas
341 1292 386 1374 (p.
402 1293 444 1356 46
454 1290 515 1376 sq.)
538 1292 668 1358 Ionibus
689 1291 863 1357 tribuenda
886 1291 1012 1356 videtur
1036 1309 1116 1357 esse.

644 1482 947 1551 ΠΑΛΙΓΚΟΤΟΣ.

264 1611 374 1694 Suppl.
392 1613 457 1677 376
473 1611 565 1696 (361)
582 1602 666 1678 trim.
693 1609 774 1694 ἄγος
795 1612 858 1695 μέν
882 1611 933 1695 εἴη
958 1616 1031 1692 τοῖς
1047 1610 1142 1694 ἐμοῖς
1157 1610 1430 1694 παλιγκότοις.

162 1719 240 1785 ibid.
263 1721 323 1782 571
344 1719 436 1804 (549)
458 1720 542 1785 trim.
572 1721 605 1785 τί
632 1718 714 1800 τοός
744 1717 990 1798 ἀναλωθέντας
1017 1719 1054 1784 ἐν
1077 1719 1188 1800 ψήφῳ
1211 1716 1318 1800 λέγειν
1343 1715 1347 1805 i
1372 1716 1432 1782 τόν

163 1825 274 1908 ζῶντα
308 1824 341 1891 ὁ·
373 1825 487 1909 ἀλγεῖν
512 1827 577 1910 χρὴ
606 1829 709 1910 τόχνγς
736 1825 998 1908 παλιγκότου.
1045 1827 1104 1909 Ag.
1132 1827 1196 1891 863
1226 1825 1318 1914 (827)
1345 1826 1431 1891 trim.

161 1940 378 2015 γυναῖκα...
402 1932 535 2015 πολλὰς
558 1934 729 2000 κλύουσαν
752 1932 923 2017 κληδόνας
946 1932 1238 2015 παλιγκότους.
1273 1933 1348 1999 ibid.
1369 1933 1433 1996 874

162 2041 255 2127 (838)
271 2043 356 2107 trim.
385 2041 519 2108 τοιῶνό’
544 2041 636 2107 ἕκατι
658 2040 837 2124 κληδόνων
853 2039 1120 2128 παλιγκότων.
1159 2041 1270 2122 Eurip.
1290 2039 1350 2121 λος.
1369 2041 1432 2102 572

163 2151 246 2214 trim.
273 2148 308 2214 έν
326 2150 396 2215 ἐστι
410 2150 551 2215 πάντων
566 2154 706 2233 πρῶτον
722 2147 845 2215 είόέναι
860 2150 965 2229 τουτί,
984 2146 987 2236 ί
1007 2150 1121 2231 φέρειν
1137 2145 1180 2213 τὰ
1197 2148 1433 2228 συμπίπτοντα

162 2255 209 2339 μὴ
234 2254 500 2338 παλιγκότως.
535 2258 583 2323 Ex
603 2258 653 2323 his
669 2259 862 2324 testimoniis
879 2258 971 2340 qnasi
988 2258 1093 2322 elucet
1107 2274 1217 2323 vocem
1232 2252 1435 2335 παλίγκοτος

162 2366 195 2430 in
218 2365 386 2446 tragoedia
409 2365 598 2447 simpliciter
624 2366 943 2446 „adversarium“
970 2363 1160 2446 significare.

268 2472 448 2536 Atticorum
484 2473 623 2537 sermoni
657 2471 809 2537 familiari
843 2493 904 2540 vox
928 2474 1039 2553 ignota
1062 2472 1161 2536 fuisse
1185 2471 1325 2547 videtur;
1362 2487 1435 2532 narn

164 2579 329 2660 Aristoph.
342 2580 414 2644 Pae.
429 2581 493 2644 390
516 2579 563 2661 μὴ
580 2580 658 2662 γένῃ
674 2578 925 2661 παλίγκοτος
941 2577 1176 2661 ἀντιβολοῦσιν
1191 2577 1274 2660 ἡμῖν
1289 2576 1322 2640 in
1338 2575 1434 2640 choro

164 2686 243 2751 dicit
272 2690 305 2751 et
328 2685 491 2767 Antiphon
515 2686 661 2767 sophista
683 2685 743 2768 λος.
764 2689 823 2751 131
851 2686 968 2770 (Eleas,
997 2706 1028 2768 p.
1050 2687 1119 2749 143.
1139 2686 1172 2765 2)
1199 2684 1281 2765 φέρε
1305 2679 1357 2763 dd,
1388 2679 1435 2763 μὴ

163 2790 206 2856 τό
234 2790 462 2873 πολίγκοτα
485 2789 636 2875 λέγωμεν
664 2795 760 2860 etiem
789 2795 870 2859 alias
898 2812 993 2860 votes
1022 2794 1062 2858 ab
1085 2792 1266 2857 Atticorum
1291 2805 1437 2855 sermone

166 2900 289 2965 alienas
313 2897 560 2983 (όπαρτιλογία,
585 2899 752 2984 ἀμαυρός)
778 2903 915 2968 exhibet.

271 3007 320 3071 Ex
343 3009 447 3088 poetis
471 3009 703 3075 vetustioribus
727 3010 825 3074 habet

270 3115 388 3181 Arelril.
406 3114 467 3197 λος.
485 3117 537 3182 87.
554 3119 573 3181 2

467 3221 552 3306 ὁρᾷς
576 3224 616 3288 ἵν’
643 3222 709 3288 ἔστ’
734 3223 862 3302 ἐκεῖνος
885 3219 1023 3304 ὑψηλός
1046 3222 1154 3302 πάγος

466 3330 591 3412 τρηχύς
614 3349 651 3395 τε
673 3332 730 3395 καὶ
752 3328 1010 3411 παλίγκοτος.

272 3436 402 3518 Sappho
425 3435 485 3518 λος.
505 3438 545 3500 72
573 3438 683 3519 (etym.
700 3457 805 3519 magn.
824 3438 926 3519 243)

487 3541 575 3608 ἀλλά
599 3562 649 3624 τις
673 3545 735 3610 οόκ
758 3543 838 3627 έμμι
860 3543 1125 3625 παλιγκότων

487 3648 599 3733 όργαν,
625 3650 699 3717 ἀλλ’
724 3649 856 3735 ἀβόκην
880 3650 944 3717 τὰν
968 3652 1061 3735 φρέν’
1086 3649 1162 3732 έχω.

273 3758 364 3823 Pind.
381 3757 472 3824 Nem.
486 3758 541 3823 IV.
553 3760 598 3822 96

486 3862 625 3946 μαλακὰ
646 3863 709 3947 μέν
735 3867 892 3948 φρονέων
916 3863 1037 3945 ἐσλοῖς,

487 3970 613 4055 τροχός
637 3969 674 4036 dd
696 3971 963 4055 παλιγκότοις
986 3969 1139 4054 ἔφεδρος.

299 4080 341 4146 id.
387 4079 435 4144 Ol.
452 4080 492 4145 11.
509 4083 550 4145 20
1207 4111 1209 4115 ’

487 4192 585 4271 πῆμα
607 4185 751 4271 όνᾴσκει
773 4186 979 4270 παλίγκοτον
1002 4183 1189 4269 όαγιασόέν.

172 4342 383 4354 ....-.---

280 4435 303 4506 ¹)
331 4435 376 4490 De
399 4436 486 4490 iorrna
508 4436 660 4492 recentiore
682 4443 843 4510 μεσαίχμιος
861 4438 888 4490 et
906 4439 1068 4509 μεσαίχμιον
1087 4431 1205 4504 Hesyeh.
1225 4431 1258 4490 ολ.
1279 4431 1388 4488 Lohoeh
1406 4432 1441 4487 ad

173 4524 275 4596 Phryn.
295 4542 321 4595 p.
336 4527 437 4594 194sq.
