3188 5062
702 1000 890 1082 VITA.

268 1280 372 1347 Natus
409 1299 479 1346 sum
507 1279 695 1345 Fridericus
724 1280 896 1344 Eduardus
922 1279 1183 1363 wolfgangus
1207 1281 1282 1364 Aly
1309 1282 1441 1363 Magda-

160 1388 255 1471 burgi
279 1387 440 1454 Saxonum
469 1379 553 1453 anno
582 1388 664 1452 1881
697 1386 803 1467 pridie
831 1385 880 1451 ld.
906 1385 992 1452 Sext.
1026 1391 1120 1468 patre
1143 1387 1308 1453 Friderico
1337 1395 1441 1455 matre

159 1494 294 1560 Annae
318 1498 417 1577 gente
432 1493 565 1573 Lochte,
591 1493 708 1586 quibus
732 1493 857 1575 gaudeo
880 1493 1121 1573 superstitibus,
1157 1493 1269 1560 Fidem
1285 1493 1441 1576 profiteor

161 1602 389 1684 evangelicam.
428 1600 626 1666 Litterarum
651 1599 821 1664 elementis
847 1599 989 1663 imbutus
1005 1599 1219 1681 Magdeburgi
1242 1601 1275 1664 in
1299 1600 1439 1666 claustro

158 1692 318 1775 Dominae
334 1708 485 1788 Nostrae,
510 1708 596 1790 quod
620 1706 724 1771 adhuc
739 1706 890 1771 Urbani
915 1705 1068 1786 auspiciis
1089 1704 1193 1787 floret,
1219 1707 1439 1773 testimonium

159 1816 358 1881 maturitatis
395 1816 532 1896 adeptus
568 1832 639 1878 sum
662 1813 763 1894 Burgi
798 1831 901 1894 prope
924 1812 1182 1895 Magdeburgum
1218 1815 1273 1879 siti
1308 1816 1439 1897 patris

160 1923 276 2006 optimi
299 1923 452 2003 auspiciis
475 1940 559 1986 anno
586 1922 682 1986 1899.
730 1920 814 1985 Vere
837 1919 870 1984 h.
892 1938 922 1986 a.
947 1919 1158 2001 Marpurgum
1175 1917 1366 1986 Chattorum
1389 1941 1439 1986 me

161 2030 292 2111 contuli,
328 2029 383 2095 ubi
420 2048 480 2111 per
507 2034 560 2094 ter
587 2045 683 2107 senos
711 2045 839 2093 menses
863 2027 980 2093 studiis
1005 2027 1190 2110 philologis,
1225 2027 1435 2111 philosophis,

160 2135 415 2217 archaeologicis
450 2135 591 2202 incubui.
639 2135 719 2199 Tum
743 2135 888 2199 Bonnam
918 2135 1070 2216 migravi,
1106 2135 1162 2200 ubi
1191 2135 1294 2200 isdem
1323 2137 1439 2201 studiis

159 2263 218 2327 per
253 2242 424 2326 quinquies
453 2261 549 2308 senos
578 2259 706 2308 menses
734 2260 786 2306 rue
815 2241 899 2307 dedi.
946 2242 1134 2307 Docuerunt
1157 2260 1209 2307 me
1231 2243 1292 2307 viri
1321 2243 1439 2308 doctis·

158 2350 247 2415 simi:
283 2368 311 2415 v.
338 2349 455 2426 Belou,
490 2350 573 2433 Birt,
610 2346 729 2422 conen,
765 2348 861 2427 Justi,
898 2348 1016 2428 Maass,
1053 2347 1244 2431 Schroeder,
1275 2368 1304 2415 v.
1331 2349 1437 2432 Sybel,

159 2456 272 2521 Thiele
290 2457 553 2538 Marpurgenses,
573 2454 761 2536 Buecheler,
779 2455 880 2529 Ultor,
898 2454 1072 2536 Erdmann,
1089 2455 1225 2537 Hampc,
1243 2455 1437 2537 Locschche,

158 2563 286 2645 Nissen,
316 2562 563 2644 Radermacher,
596 2562 754 2642 Solmsen,
784 2561 942 2638 Sudhaus,
973 2562 1099 2629 Usener
1129 2563 1324 2628 Bonnenses.
1382 2563 1438 2630 Se·

159 2670 291 2735 minarii
318 2670 556 2752 philologorum
579 2668 831 2752 Marpurgensis
860 2669 981 2735 sodalis
1009 2668 1056 2734 fui
1078 2671 1355 2736 extraordinarius
1378 2691 1437 2753 per

159 2777 210 2844 bis
245 2796 340 2843 senos
374 2796 511 2858 menses,
547 2781 616 2841 tum
652 2781 900 2858 praeceptorum
930 2777 1049 2857 insigni
1077 2775 1234 2842 beneficio
1264 2778 1436 2843 seminario
1496 2852 1505 2868 ι

157 2883 399 2966 philologorum
421 2884 586 2950 Bonnensi
614 2883 798 2965 adscriptus
827 2883 948 2949 sodalis
978 2884 1161 2949 ordinarius
1185 2903 1244 2967 per
1268 2889 1318 2950 ter
1342 2903 1436 2951 senos

157 3009 296 3072 menses,
326 2991 423 3056 etiam
453 2993 562 3057 senior
585 3010 663 3057 sem.
688 3009 747 3072 per
770 3010 828 3057 sex
855 3009 981 3057 menses
1011 2990 1067 3056 lui.
1115 2991 1164 3055 Ad
1188 2992 1437 3057 exercitationes

157 3098 341 3181 philologus
371 3102 404 3163 et
432 3098 659 3181 epigraphicas
684 3097 872 3178 Buecheler,
908 3098 1091 3181 philologus
1115 3097 1271 3181 Solmsen,
1306 3099 1437 3180 palaeo-

157 3204 332 3286 praphicas
356 3205 491 3288 Hampc,
517 3204 777 3286 archaeologicas
801 3225 829 3270 v.
847 3205 944 3288 Sybel
968 3211 1001 3272 et
1016 3205 1210 3281 Loeschclce,
1236 3207 1434 3290 theologicas

157 3311 292 3391 Usener,
325 3311 567 3394 philosophicas
592 3311 702 3377 Oohen
726 3317 760 3377 et
782 3311 944 3379 Erdmann
969 3332 1020 3378 me
1044 3312 1199 3379 benevole
1224 3315 1433 3381 admiserunt.

266 3418 387 3497 Quibus
418 3420 496 3486 viris
526 3419 673 3486 omnibus
703 3420 826 3501 gratias
858 3438 918 3502 ago
947 3439 1045 3503 quam
1072 3420 1239 3501 plurimas,
1276 3421 1435 3503 imprimis

155 3530 346 3591 autemnon
363 3526 467 3592 solum
482 3527 648 3592 seminarii
665 3526 881 3593 directoribus
896 3526 1106 3608 Buechelero,
1131 3528 1254 3607 Eltero,
1277 3528 1433 3611 Usenero,

156 3650 268 3697 uerum
297 3634 395 3698 etiam
418 3633 597 3703 Solmsenio
626 3637 660 3700 et
687 3634 918 3713 Brinkmanno,
949 3635 1004 3716 qui
1033 3634 1111 3699 mihi
1140 3635 1174 3699 in
1203 3636 1435 3702 conscribenda

155 3739 217 3804 hac
248 3739 478 3806 dissertatione
505 3741 670 3807 adiutores
698 3740 846 3807 fidissimi
877 3741 1064 3824 iudicesque
1088 3742 1270 3823 gravissimi
1293 3741 1432 3810 fuerunt.

157 3845 278 3926 Quibus
302 3851 457 3928 quantum
481 3848 626 3929 debeam,
652 3867 815 3932 nunquam
839 3848 1021 3915 obliviscar.
