3188 5062
772 258 986 324 -2g..

242 435 468 519 comprobatur
506 455 615 504 vocem
653 435 796 521 alioquin
830 437 911 504 adeo
949 435 1152 520 frequentem
1189 438 1238 504 illi
1277 439 1377 507 aetati
1416 440 1512 521 plane

241 546 383 626 ignotam
412 543 526 611 fuisse:
561 546 676 628 Itaque
704 565 788 613 nova
809 544 921 612 Ionum
944 545 1094 613 formatio
1118 547 1246 614 videtur
1270 564 1341 615 esse
1365 567 1384 613 a
1407 549 1514 632 prisea

241 652 373 719 Atthide
396 652 492 735 plane
515 652 631 721 aliena,

458 918 600 1001 ΙΣΤΩΡ,
625 917 827 1000 ΙΣΤΟΡΕΩ,
852 917 1045 1003 ΙΣΤΟΡΙΑ,
1070 919 1296 988 ΙΣΤΟΡΙΟΝ.

345 1085 393 1150 De
416 1081 513 1150 verbo
537 1083 680 1166 ἱστορέω
704 1081 742 1148 ci.
759 1082 941 1150 Wittekind
962 1102 994 1166 p.
1011 1084 1063 1148 37.

346 1191 487 1256 Verbum
511 1191 658 1274 ἱστορεῖν
674 1190 760 1272 apud
775 1190 901 1258 Atticos
924 1191 1099 1274 scriptores
1123 1210 1187 1257 non
1205 1192 1335 1275 legitur,
1359 1193 1513 1259 usitatum

241 1305 291 1366 est
325 1300 412 1381 apud
445 1298 540 1365 Iones
575 1294 610 1364 et
643 1298 676 1362 in
711 1298 888 1381 tragoedia.
960 1298 1195 1377 Quaerentibus
1231 1299 1332 1379 nobis,
1369 1320 1445 1365 num
1477 1321 1515 1367 ex

240 1405 476 1489 significatione
500 1406 539 1470 de
563 1405 687 1488 origine
712 1405 835 1489 aliquid
859 1406 1021 1473 enucleari
1044 1406 1157 1487 possit,
1182 1407 1370 1490 priusquam
1387 1408 1427 1473 ad
1444 1408 1515 1490 ipsa

241 1513 426 1579 testimonia
449 1518 661 1593 transeamus,
697 1514 785 1579 vocis
820 1514 911 1597 origo
946 1522 980 1579 et
1015 1532 1129 1580 sensus
1164 1515 1322 1595 genuinus
1345 1517 1515 1582 tractanda

241 1625 324 1686 sunt.
360 1621 503 1703 ἱστορέω
526 1619 659 1686 verbum
682 1621 952 1687 denominativum
969 1639 988 1686 a
1003 1620 1204 1687 substantivo
1223 1620 1328 1703 ίστωρ
1343 1620 1515 1689 formatum

240 1727 414 1810 significat:
442 1727 546 1810 ίστωρ
564 1729 638 1811 εἰμί,
655 1727 692 1793 of.
719 1727 887 1811 Sdtterlin‚
923 1747 980 1793 zur
1004 1728 1122 1794 Gesoh.
1146 1727 1176 1793 d.
1200 1727 1299 1793 verba
1323 1729 1447 1795 denom.
1471 1730 1514 1794 im

241 1835 343 1915 Altgr.
359 1835 384 1916 Ι,
408 1855 439 1919 p.
457 1837 509 1902 92.
546 1835 628 1914 Quid
644 1834 804 1918 significet
828 1835 933 1918 ίστωρ
956 1835 1076 1918 ubique
1098 1840 1257 1901 terrarum
1275 1835 1307 1900 in
1329 1854 1389 1900 usu
1405 1833 1513 1919 tuerit,

241 1943 453 2025 pereipIemus
478 1963 517 2009 ex
540 1942 620 2024 ipsis
643 1943 848 2009 testimoniis.

348 2049 453 2132 ίστωρ
477 2049 649 2115 formatum
665 2054 703 2116 ut
719 2048 845 2133 ἄκτωρ,
871 2047 1004 2130 όώτωρ,
1029 2049 1213 2131 κοσμήτωρ
1230 2049 1270 2113 al.
1289 2069 1308 2114 a
1324 2049 1427 2131 stirpe
1443 2047 1515 2139 μό-

242 2160 350 2235 „scio“
387 2156 549 2240 sIgnifioat
583 2158 820 2239 „seitorem“‚
857 2157 1056 2224 scientem.
1104 2156 1197 2221 Hom.
1226 2159 1309 2238 p26
1340 2153 1514 2239 Ἡρακλῆα

240 2263 399 2348 μεγάλων
422 2263 597 2347 ἐπιίστορα
621 2263 738 2347 έργων.
773 2265 846 2347 „qui
871 2265 995 2346 peribus
1020 2269 1070 2330 est
1090 2282 1224 2345 opernm
1240 2269 1450 2347 magnorum“
1475 2262 1513 2328 oi.

241 2373 392 2454 Ebeling‚
428 2373 489 2438 len.
515 2373 607 2438 Hom.
644 2392 668 2438 s.
693 2392 721 2438 v.
758 2372 834 2437 έπιι.
881 2372 998 2453 Lebrs,
1023 2369 1228 2437 Aristarchi²
1264 2391 1296 2452 p.
1316 2373 1377 2436 109
1412 2371 1515 2438 voluit

243 2481 409 2557 „conscius
432 2480 466 2545 in
490 2479 654 2547 orimine“.
690 2475 822 2546 Hesiod.
841 2500 913 2563 opp.
933 2482 996 2543 792
1022 2476 1128 2543 είκάόι
1152 2476 1180 2543 d’
1200 2477 1237 2543 ἐν
1255 2477 1394 2562 μεγάλῃ,
1418 2477 1513 2560 πλέῳ

242 2588 356 2671 ἤματι,
381 2587 501 2670 ἵστορα
525 2590 626 2670 φῶτα
646 2588 651 2671 Ι
671 2585 863 2668 γείνασόαι·
887 2584 981 2670 μάλα
1004 2586 1066 2668 γάρ
1090 2602 1127 2650 τε
1149 2585 1232 2651 νόον
1254 2586 1516 2668 πεπυκασμένος

244 2695 343 2761 ἐστίν.
368 2695 473 2780 hymn.
491 2695 583 2762 Hom.
602 2696 653 2760 32.
674 2691 872 2760 κλέουσαι.
890 2743 898 2759 .
917 2745 923 2758 .
942 2693 1075 2774 ἴστορες
1098 2690 1200 2774 ᾠδῆς.
1235 2693 1350 2759 Bacch.
1367 2692 1453 2758 VIII.
1471 2693 1515 2756 44

244 2800 367 2881 ἐγχέων
392 2801 524 2883 ἵστορες
547 2803 668 2884 κοῦραι
691 2800 904 2888 (Amazones).
964 2800 1078 2867 Aesch.
1102 2801 1161 2883 Ag.
1190 2803 1275 2866 1090
1299 2801 1415 2883 (1044)
1439 2801 1513 2866 mel.

241 2905 407 2989 μισόόεον
429 2907 493 2989 μὲν
516 2906 587 2988 οὗν,
612 2906 726 2973 πολλὰ
749 2910 931 2992 συνίστορα
953 2908 1081 2995 (vocant
1097 2908 1225 2974 domum
1241 2906 1513 2990 Agamemnonis).

244 3014 339 3096 Soph.
363 3014 412 3079 El.
437 3017 501 3080 850
525 3034 620 3097 anap.
645 3014 739 3097 κάγὼ
755 3013 847 3080 τοῦδ’
867 3016 982 3099 ἵστωρ,
999 3013 1201 3097 ὑπερίστωρ.
1248 3018 1321 3082 Ant.
1348 3017 1411 3080 542
1428 3017 1513 3082 trim.

245 3119 294 3186 ὧν
317 3119 462 3203 τοῦργον
484 3120 603 3204 “Ardor
622 3124 678 3204 χοί
699 3122 794 3189 κάτω
818 3121 1018 3205 ξυνίστορες.
1065 3123 1147 3189 Phil.
1169 3124 1252 3188 1293
1270 3123 1356 3189 trIm.
1387 3120 1516 3188 ὥόεοί

244 3225 444 3310 ξυνίστορες.
501 3229 644 3312 Euripid.
682 3230 752 3312 Iph.
787 3231 884 3322 *Taum
923 3231 1005 3294 1431
1031 3231 1117 3298 trim.
1142 3229 1233 3313 ὑμᾶς
1261 3228 1299 3295 δέ
1327 3228 1390 3311 τάς
1412 3228 1513 3295 τῶνδ’

245 3334 384 3418 ἵστορας
405 3333 661 3419 βουλευμάτων.
707 3339 806 3404 Andr.
833 3340 896 3403 682
912 3338 997 3403 trim.
1023 3337 1135 3420 μάχης
1150 3335 1315 3420 άίστορες,
1340 3338 1378 3403 of.
1398 3334 1516 3418 ἄϊστος

245 3443 355 3508 οοάοω
373 3461 468 3508 sensu
485 3444 569 3526 apud
593 3444 781 3526 Euripidem
802 3465 833 3527 p.
855 3445 904 3510 19.
952 3445 1100 3528 Apollon.
1117 3444 1178 3527 frg.
1197 3447 1226 3512 2.
1241 3447 1260 3509 2
1278 3445 1412 3531 (Nauck,
1430 3451 1513 3527 trag.

245 3549 359 3616 Graec.
386 3548 465 3632 frg.²
494 3571 524 3632 p.
553 3552 632 3635 825)
659 3553 743 3617 trim.
773 3555 884 3635 σοφοῦ
904 3569 996 3632 τινος
1023 3553 1141 3633 γένοιτ
1167 3550 1209 3616 ἂν
1233 3552 1370 3634 ίστορος
1392 3550 1514 3633 λόγων.

244 3657 399 3722 Heraclit.
417 3655 476 3738 frg.
495 3658 536 3721 35
553 3658 653 3724 Diels.
678 3656 820 3724 πολλῶν
844 3659 982 3742 ἵστορας
999 3657 1214 3742 φιλοσόφους
1238 3656 1374 3741 ἄνδρας.
1422 3659 1515 3725 Plato

245 3765 330 3847 legg.
350 3764 425 3830 VIII
440 3784 471 3848 p.
491 3767 554 3830 845
571 3766 597 3830 Β
616 3764 743 3847 άίστωρ
760 3763 810 3830 ὢν
834 3765 871 3831 of.
891 3766 969 3833 Tim.
987 3768 1047 3833 lex.
1065 3767 1164 3833 Plat.:
1190 3765 1338 3847 ἄπειρος,
1364 3764 1514 3848 ἀμαθής.

246 3868 365 3955 Oratyl.
401 3892 432 3953 p.
461 3874 564 3938 406ss
600 3872 684 3952 ίσως
719 3870 757 3938 όέ
790 3870 914 3956 ἀρετῆς
949 3874 1069 3956 ἵστορα
1102 3873 1164 3957 τὴν
1198 3872 1284 3939 dado
1313 3871 1515 3938 έκάλεσενά

245 3977 392 4060 καλέσας
415 3978 587 4066 (Dianam).

351 4087 551 4155 Peculiarem
575 4106 702 4156 sensum
727 4108 788 4155 vox
811 4089 937 4170 accepit
960 4089 1046 4172 apud
1069 4088 1243 4154 Homerum
1267 4085 1298 4152 Σ
1320 4089 1382 4153 501
1409 4085 1516 4170 άμφω

247 4193 275 4260 d’
301 4193 421 4278 λέοόην
444 4194 500 4260 ε’πλ
523 4195 642 4277 ἵστορα
664 4200 788 4279 πεῖραρ
813 4192 961 4262 ἑλέσθαι.
1013 4193 1120 4261 41486
1146 4195 1266 4277 ἵστορα
1290 4192 1319 4259 d’
1341 4191 1515 4276 Ἀτρείὸην
1567 4238 1570 4245 -

253 4300 484 4386 Ἀγαμέμνονα
498 4301 639 4386 όείομεν
656 4302 773 4387 άμφω.
820 4303 981 4371 Arbiter
1004 4303 1071 4371 siue
1094 4303 1208 4369 index
1232 4308 1290 4383 est,
1315 4319 1388 4366 nam
1404 4301 1517 4378 „litem

248 4411 446 4493 diiudicabit,
480 4412 534 4494 qui
562 4430 691 4478 oausam
715 4414 827 4479 soiet“.
875 4413 987 4494 Labra
1012 4409 1205 4478 Aristarchi²
1239 4429 1270 4491 p.
1291 4410 1352 4473 109
1379 4408 1513 4489 „testis“

247 4518 480 4598 interpretatus
504 4523 562 4586 est.
612 4519 690 4585 Tum
715 4522 749 4587 in
784 4521 990 4587 iureiurando
1015 4522 1093 4587 deus
1121 4517 1241 4586 testis
1264 4521 1323 4598 est,
1357 4520 1395 4581 ut
1418 4514 1516 4598 Soph.
