3188 5062
621 265 842 331 ...45..

93 470 124 533 p.
142 450 184 514 23
208 447 231 515 l.
255 450 297 513 24
322 448 394 514 add.
420 447 510 514 adl.
533 448 573 511 12
604 445 676 530 (ΙΙΙ.
698 445 818 512 saeculi
841 463 870 511 a.
892 444 965 512 Chr.
987 446 1034 526 n.)
1065 445 1137 511 vide
1165 445 1367 530 Deissmanu,

94 556 275 623 Bibelstud.
305 575 337 638 p.
358 555 431 621 148.
478 555 572 637 Apud
606 553 781 620 Homerum
816 557 923 618 autem
957 549 1143 635 περιδέξιος
1177 572 1239 620 non
1274 551 1369 636 μάλα

97 661 206 745 δεξιός
239 662 461 745 explicandum
497 680 576 743 esse,
611 661 644 726 id
678 662 763 744 quod
792 660 1005 742 interpretum
1035 679 1110 741 pars
1144 660 1260 742 voluit,
1295 662 1368 726 ideo

96 770 182 853 quod
213 768 411 852 praepositio
440 769 518 851 περὶ
545 787 703 851 nusquam
737 768 814 834 alibi
848 768 882 833 in
911 772 1079 850 utramque
1110 773 1235 850 partem
1271 768 1369 850 signi-

94 875 254 959 ficaret1),
272 878 329 942 sed
344 895 458 943 revera
473 876 557 942 idem
574 876 682 942 ualere
699 881 797 959 atque
816 875 1067 957 ,ambidexter“,
1089 879 1178 941 reete
1194 876 1368 957 BaoobeuS,

95 984 312 1050 Buttmannus
336 984 392 1069 alii
415 983 490 1049 inde
515 983 749 1064 concluserunt,
778 984 853 1065 quia
877 985 1096 1065 Asteropaeus
1120 982 1243 1048 duabus
1267 983 1369 1051 hastis

94 1091 266 1158 iaculatur.

203 1200 344 1278 Quocum
383 1198 546 1278 convenit,
586 1198 671 1280 quod
708 1197 899 1281 ubicumque
935 1217 955 1262 a
991 1198 1097 1281 poetis
1136 1198 1370 1265 recentioribus

95 1304 282 1389 περιδέξιος
312 1305 352 1371 de
382 1305 582 1371 ambidextro
611 1305 738 1386 dieitur,
768 1324 830 1370 vox
858 1324 897 1370 ex
923 1305 1063 1371 Homero
1097 1305 1215 1371 hausta
1243 1278 1371 1372 videtur

96 1432 178 1496 esse,
203 1413 240 1480 of.
268 1412 390 1479 Gallim.
414 1411 474 1494 frg.
492 1414 566 1478 303.
586 1413 615 1491 5,
640 1412 727 1478 anth.
748 1412 816 1478 Pal.
841 1413 912 1478 XII.
931 1415 993 1476 247
1012 1414 1053 1477 al.
1100 1413 1239 1478 Dubium
1262 1419 1370 1479 autem

96 1541 161 1589 non
192 1526 251 1605 est,
281 1521 358 1604 quin
387 1520 485 1586 etiam
513 1521 647 1586 Homeri
676 1525 785 1586 aetate
815 1517 1011 1603 ἀμφιδέξιος
1039 1520 1238 1588 ambidexter
1261 1520 1370 1602 fuerit,

96 1635 134 1695 ut
148 1629 321 1711 Hipponax
344 1646 421 1695 voee
444 1629 560 1708 utitur3
585 1627 705 1694 tralata
728 1647 798 1694 eam
823 1628 953 1694 exhibet
967 1628 1152 1695 Herodotus
1177 1629 1216 1694 de
1240 1629 1371 1694 oraculo

98 1737 243 1818 ancipiti.

204 1843 315 1926 Neque
343 1844 456 1925 ignota
480 1843 605 1927 Cypriis
629 1863 690 1910 vox
711 1842 782 1924 fuit,
813 1842 928 1926 quibus
957 1845 1036 1910 deus
1060 1845 1227 1911 colebatur
1255 1840 1369 1926 Ἄμφι-

43 2008 46 2012 ,
98 1947 215 2031 δέξιος,
245 1951 300 2033 qui
323 1951 523 2017 ambidexter
545 1952 723 2032 putabatur
750 1950 802 2036 (ol.
827 1951 1008 2034 Hoffmann,
1039 1971 1084 2034 gr.
1111 1952 1194 2017 Dial.
1219 1951 1244 2032 l,
1268 1971 1300 2033 p.
1319 1952 1371 2032 73,

97 2077 147 2125 nr.
169 2059 241 2142 137,
264 2058 400 2141 Usener,
425 2058 507 2124 Mus.
532 2059 633 2125 Rhen.
660 2061 712 2140 58,
737 2079 767 2141 p.
787 2060 874 2144 346).

205 2164 388 2248 Scriptores
411 2184 486 2231 uere
510 2167 609 2231 Attici
633 2184 744 2232 voeem
767 2167 885 2245 vitant3
917 2168 974 2231 sed
998 2167 1189 2232 Aristoteles
1213 2185 1253 2232 ea
1275 2183 1372 2232 sensu

99 2274 237 2356 genuino
261 2274 363 2339 utitur
379 2294 411 2355 p.
425 2274 518 2340 4971)
535 2275 588 2354 31,
606 2274 697 2340 9581)
715 2277 767 2354 20,
787 2275 899 2339 11341)
916 2276 969 2357 34,
989 2275 1100 2340 11941)
1118 2277 1170 2354 34,
1191 2274 1301 2338 12741)
1321 2275 1371 2353 13,

99 2380 137 2448 ε1.
162 2382 277 2447 Pollux
291 2381 331 2447 Π.
353 2382 414 2445 159
440 2379 560 2464 ἀμφιδ.
586 2379 604 2445 δ
628 2387 704 2462 ταῖς
728 2379 803 2447 δνσὶ
823 2382 938 2464 χερσὶν
961 2380 1107 2464 ἐνεργῶν
1131 2379 1256 2462 δεξιῶς.
1297 2381 1373 2445 Tra-

98 2489 165 2555 late
190 2490 271 2554 dixit
294 2488 446 2554 Polemon
471 2490 557 2572 apud
580 2490 654 2554 Ath.
672 2490 740 2571 XV,
765 2510 796 2572 p.
815 2489 919 2554 698Β
943 2487 1072 2570 παίζειν
1097 2486 1312 2572 ἀμφιδεξίως.

206 2596 328 2662 Eodem
356 2615 463 2678 sensu,
492 2617 555 2679 quo
584 2593 771 2679 περιδέξιον
801 2597 834 2663 in
858 2616 919 2662 usu
942 2596 1041 2662 fuisse
1068 2598 1132 2662 iam
1157 2597 1372 2678 eognovimus,

101 2704 134 2768 in
163 2703 258 2768 titulo
282 2703 391 2769 Attico
422 2702 619 2786 ἀμφιδέξιον
646 2712 822 2787 usurpatur
846 2705 925 2771 (llA.
949 2705 1043 2771 111.1
1069 2705 1140 2770 add.
1167 2705 1257 2770 2381)
1285 2704 1373 2769 inter

102 2811 185 2877 dona
209 2812 357 2894 Asclepio
382 2812 505 2878 oblata:
542 2811 575 2895 (ὁ
600 2809 708 2895 δεῖνα)
733 2810 938 2898 [ἀμ]φιδε’ξιν
963 2811 985 2896 [.
1003 2861 1036 2877 ..
1065 2812 1202 2891 dedicat,
1233 2810 1270 2878 of.
1295 2811 1372 2876 Hes,

102 2916 299 3001 ἀμφιδέξιο·
316 2916 480 3006 luitbtus,
498 2920 583 3001 quod
599 2921 716 2985 iniuria
732 2927 940 3002 temptarunt,
959 2918 997 2986 ef.
1013 2923 1122 2984 notam
1138 2919 1181 2983 M.
1195 2918 1372 2985 Schmidtii.

102 3022 300 3108 ἀμφιδέξιος
325 3026 564 3107 „ambidexter“
590 3028 652 3091 iem
678 3035 854 3094 evanuerat
877 3028 934 3092 illa
955 3031 1073 3106 aetate,
1098 3045 1173 3091 nam
1187 3025 1373 3092 testimonia

101 3151 176 3198 rara
198 3139 274 3200 sunt
297 3139 330 3200 et
353 3136 394 3198 ad
418 3135 636 3216 antiquiorum
652 3137 844 3216 scriptorum
860 3135 1075 3200 imitationem
1089 3133 1196 3199 redire
1212 3133 1371 3214 videntur,

101 3239 190 3306 velut
212 3241 287 3307 Luc.
312 3241 404 3323 Iupp.
429 3245 513 3322 trag.
533 3244 575 3307 48
601 3238 798 3324 ἀμφιδέξιον
822 3240 905 3321 έπος
928 3242 969 3306 ad
991 3242 1111 3308 Herod.
1129 3241 1167 3307 V.
1186 3242 1239 3307 92.
1275 3239 1373 3306 Notio

106 3347 297 3413 ambidextri
321 3367 403 3414 nova
426 3367 503 3414 voce
524 3350 723 3431 exprimitur,
750 3346 1074 3432 ,ἀμφοτεροδέξιος“
1093 3348 1179 3431 apud
1194 3347 1375 3414 Baccheum

101 3453 190 3522 Hrot.
215 3474 246 3536 p.
265 3455 318 3521 43.
336 3457 366 3537 3,
391 3455 479 3521 LXX
502 3456 644 3521 111111ο.3.
664 3457 713 3535 15,
739 3458 790 3521 20.
810 3459 860 3537 16,
885 3475 967 3522 reoe.
992 3456 1131 3538 saepius.
1407 3440 1410 3445 ¹

207 3563 296 3630 Haec
311 3561 379 3630 fere
398 3565 438 3629 de
453 3582 531 3629 voce
548 3561 776 3648 opprbe'groff)
793 3564 925 3646 eiusque
942 3568 1038 3647 gente
1054 3563 1235 3629 traduntur.
1265 3561 1372 3627 Primo

102 3671 217 3735 obtutu
245 3671 389 3739 videmus
419 3690 528 3738 votem
562 3676 596 3737 et
623 3673 754 3754 proprie
783 3676 816 3737 et
844 3671 963 3738 tralata
986 3671 1138 3754 usurpari
1167 3672 1207 3737 ab
1230 3668 1372 3750 Ionibus

209 3918 232 3988 1)
258 3918 293 3971 ei.
312 3919 472 3987 Buttmann,
494 3917 567 3974 lexil.
587 3918 625 3972 ΙΙ.
639 3921 700 3974 219.
737 3917 828 3988 Apoll.
846 3918 899 3972 lex.
918 3919 997 3973 Hom.
1016 3934 1038 3972 s.
1057 3934 1083 3971 v.
1111 3919 1199 3989 περιδ.
1218 3920 1243 3972 ot
1260 3920 1311 3988 μὲν
1328 3936 1374 3972 πε-

102 4011 203 4077 ρισσοῖς
221 4007 306 4068 δεξιὸς
323 4009 380 4078 περὶ
399 4008 444 4075 τὴν
461 4010 507 4063 τοῦ
527 4009 639 4079 δόρατος
656 4004 744 4078 βολήν,
764 4011 790 4062 οἱ
808 4010 838 4063 δὲ
857 4013 913 4063 κατ’
933 4011 1093 4079 ἀμφοτέρων
1105 4006 1158 4062 τῶν
1171 4009 1273 4080 χειρῶν
1291 4005 1328 4069 ὠς
1346 4009 1376 4079 τῇ

102 4095 176 4168 δεξιᾷ
195 4090 308 4167 βάλλων,
326 4097 393 4152 item
411 4097 484 4167 apud
501 4097 619 4168 Hesyeh.
639 4114 661 4154 s.
674 4114 700 4152 u.
719 4100 804 4168 περιδ.

208 4184 231 4257 ²)
256 4185 462 4258 ἀμφορίσιερος,
488 4187 643 4257 oppositum
662 4188 737 4242 voeis
755 4187 924 4259 ἀμφιδέξιος,
952 4202 1090 4258 nunquam
1108 4187 1138 4240 in
1155 4202 1207 4240 usu
1225 4185 1287 4240 ruit.
1324 4185 1376 4240 llx-

101 4274 179 4329 hibet
197 4291 291 4330 voeem
310 4275 508 4346 Aristophanes
527 4277 556 4331 in
576 4276 628 4346 frg.
647 4280 700 4333 512
719 4277 808 4348 (Κοε1
825 4277 847 4331 I.
861 4278 922 4345 523,
941 4275 1005 4332 Hei.
1024 4276 1062 4332 II.
1078 4277 1157 4342 1156)
1181 4274 1283 4329 tradito
1303 4274 1376 4344 apud

102 4364 244 4433 Galerium,
271 4364 326 4420 vol.
344 4365 477 4422 xv111.1
505 4371 532 4435 pi
548 4368 597 4422 147
616 4366 721 4437 (Kiihu)
740 4369 768 4421 et
785 4365 979 4436 Phrynichum,
1006 4364 1091 4420 Beklr.
1118 4365 1211 4420 anecd.
1236 4381 1262 4434 p.
1276 4365 1319 4419 31.
1332 4368 1375 4422 30.

102 4453 131 4506 Is
159 4457 250 4508 autem
277 4454 366 4509 addit:
395 4455 583 4510 σκωπτικὸν
610 4454 681 4510 πάνν
707 4451 736 4510 ιδ
766 4456 861 4528 ὄνομα.
897 4455 941 4510 Ad
959 4454 1170 4526 Aristophanem
1187 4455 1260 4509 redit
1278 4454 1375 4510 Pollux

103 4543 136 4597 11.
153 4546 204 4600 160
222 4537 251 4598 τό
270 4565 302 4615 ys
319 4545 370 4616 μὲν
388 4545 591 4619 ἀμφαρέστερον
605 4538 731 4602 Ἀττικόν.
