3188 5062
787 1267 911 1352 Oaput
933 1268 958 1333 Ι.

443 1430 515 1504 DE
543 1427 769 1506 VOOIBUS
796 1427 1062 1504 AESOHYLI
1090 1427 1297 1505 IONIOIS.

338 1607 519 1690 Aliquando
536 1608 677 1674 Atticam
702 1614 735 1674 et
757 1609 899 1674 Ionicam
919 1605 1092 1672 dialectum
1113 1607 1214 1672 multo
1235 1607 1341 1673 minus
1362 1606 1505 1673 diversas

232 1713 332 1780 fuisse
348 1733 442 1796 quam
458 1715 513 1781 VI.
531 1721 564 1782 et
579 1716 617 1781 V.
632 1716 778 1796 saeculis,
797 1715 985 1797 priusquam
1000 1712 1095 1778 Iones
1111 1713 1145 1778 in
1161 1713 1271 1780 Asiam
1288 1715 1503 1794 transiissent,

233 1821 318 1885 inter
353 1840 462 1889 omnes
499 1824 635 1890 constat.
684 1823 764 1888 Tum
798 1827 945 1904 tempore
979 1821 1176 1902 procedente
1211 1822 1314 1904 magis
1337 1822 1504 1904 magisque

233 1927 337 1992 altera
371 1929 411 1994 ab
447 1931 551 1996 altera
582 1929 767 1996 abalienata
791 1948 866 1996 suas
890 1934 1028 2010 utraque
1050 1930 1120 1994 vias
1143 1934 1314 2010 persecuta
1338 1934 1397 2010 est,
1433 1947 1504 1993 cum

120 2078 125 2090 ·
232 2036 321 2101 vario
350 2038 443 2104 modo
473 2043 530 2103 aut
563 2039 696 2120 prisca
730 2039 955 2104 retinerent
991 2040 1048 2100 aut
1082 2054 1178 2100 nova
1212 2035 1421 2118 fingerent.
1466 2035 1503 2101 In

233 2143 379 2210 omnibus
403 2150 511 2212 autem
535 2146 652 2228 verbis,
689 2163 771 2228 quae
794 2145 921 2228 priscae
944 2144 1076 2224 linguae
1099 2142 1308 2208 attribuenda
1330 2149 1416 2224 sunt,
1452 2162 1504 2208 res

232 2250 355 2316 incerta
378 2259 496 2334 manet,
533 2258 650 2334 utrum,
680 2254 708 2319 si
731 2254 765 2319 in
788 2252 957 2336 tragoedia
982 2255 1163 2331 occurrunt,
1199 2250 1308 2316 Attica
1331 2270 1372 2316 an
1395 2250 1505 2316 Ionica

232 2357 380 2425 habenda
415 2362 489 2427 sint.
543 2361 700 2427 Fontibus
736 2361 820 2427 enim
849 2360 1038 2442 aequalibus
1068 2359 1255 2439 tragoediae
1280 2357 1503 2424 deficientibus

234 2483 346 2531 eruero
370 2486 434 2533 non
457 2487 638 2550 possumus,
663 2487 726 2550 qua
751 2486 896 2551 quaeque
916 2486 976 2532 vox
1000 2471 1108 2532 aetate
1132 2466 1166 2531 in
1182 2466 1291 2530 Attica
1311 2465 1505 2531 obsoleverit

234 2579 290 2638 aut
314 2575 489 2640 evanuerit.
544 2575 631 2640 Fieri
655 2577 771 2657 potuit,
807 2579 844 2641 ut
876 2594 938 2639 vox
972 2573 1058 2655 apud
1092 2573 1187 2638 Iones
1222 2592 1349 2655 semper
1382 2573 1505 2638 usitata

232 2679 368 2745 Athenis
404 2700 488 2747 anno
518 2684 582 2747 500
619 2683 787 2749 etiamtum
822 2683 856 2747 in
883 2698 944 2746 usu
973 2685 1068 2760 esset,
1106 2680 1314 2762 quambrevi
1337 2680 1504 2745 evanidam

232 2789 318 2870 apud
342 2790 466 2855 Atticos
490 2791 665 2871 scriptores
688 2792 724 2855 V.
752 2795 785 2856 et
808 2791 862 2856 IV.
886 2807 968 2855 saec.
995 2787 1118 2853 frustra
1142 2805 1288 2869 quaeras
1325 2788 1429 2852 Aliter
1452 2805 1504 2852 res

232 2914 267 2961 se
290 2895 389 2962 habet
412 2896 451 2962 de
475 2897 525 2979 iis,
551 2917 632 2980 quae
653 2899 687 2964 in
706 2903 843 2980 utraque
861 2897 998 2962 dialecto
1016 2900 1134 2961 novata
1150 2899 1235 2960 sunt.
1272 2895 1411 2973 Quorum
1428 2912 1503 2976 pars

231 3004 278 3067 ita
303 3003 501 3070 conformata
525 3010 583 3080 est,
620 3011 656 3071 ut
683 3005 750 3071 utri
773 3004 911 3071 dialecto
936 3003 1107 3086 originitus
1130 3001 1304 3067 tribuenda
1327 3003 1392 3067 sint
1416 3007 1504 3066 certo

233 3116 422 3192 argumento
447 3113 577 3178 decerni
600 3118 749 3195 nequeat.
786 3112 869 3178 Sunt
892 3131 968 3177 vero
993 3111 1101 3192 etiam,
1128 3129 1210 3192 quae
1233 3115 1348 3192 aperta
1372 3108 1505 3191 originis

233 3217 325 3300 signa
341 3237 420 3300 prae
437 3237 472 3285 se
488 3219 604 3300 ferant,
630 3221 697 3286 sive
720 3219 844 3285 forma
863 3217 1077 3300 habituque
1094 3217 1309 3298 exteriore,
1334 3215 1505 3298 dequibus

233 3342 332 3406 supra
366 3326 430 3390 iam
465 3328 544 3393 satis
573 3332 680 3393 actum
705 3332 764 3408 est,
800 3321 928 3393 sive'vi
951 3344 992 3391 ac
1017 3324 1337 3407 significatione;
1373 3324 1505 3388 tertium

234 3431 394 3514 quoddam
418 3451 519 3515 genus
537 3439 586 3500 est
603 3452 713 3499 eorum
728 3434 967 3514 vocabulorum,
993 3450 1075 3514 quae
1093 3451 1131 3497 ex
1145 3431 1369 3514 peregrinis
1386 3430 1505 3511 linguis

234 3543 365 3618 recepta
389 3546 473 3605 sunt.
522 3540 613 3605 Talia
635 3541 692 3606 ubi
715 3541 748 3605 in
773 3542 942 3624 tragoedia
967 3544 1148 3621 occurrunt,
1184 3559 1243 3622 per
1266 3539 1360 3604 lones
1383 3537 1506 3602 tradita

235 3663 306 3709 esse
337 3648 481 3727 putanda
515 3653 600 3732 sunt,
635 3648 793 3730 siquidem
829 3667 868 3714 ex
902 3648 1036 3714 orientis
1059 3647 1179 3728 linguis
1204 3646 1339 3712 oriunda
1364 3650 1397 3710 et
1420 3644 1505 3726 apud

234 3751 329 3818 Iones
352 3754 474 3819 usitata
496 3754 625 3820 Atticae
650 3756 872 3821 consuetudini
896 3756 1022 3821 desunt.
1066 3756 1204 3820 Restant
1227 3773 1283 3819 eae
1307 3772 1411 3834 voces,
1437 3753 1506 3835 qui·

236 3858 296 3924 bus
330 3878 391 3924 usu
424 3860 586 3943 frequenti
621 3861 718 3944 plane
752 3881 834 3928 nova
870 3867 903 3929 et
931 3863 1104 3945 singularis
1129 3858 1320 3942 significatio
1345 3860 1421 3925 data
1445 3865 1504 3939 est,

237 3985 332 4048 quam
367 3968 470 4033 eidem
504 3969 575 4035 voci
609 3969 706 4050 plane
730 3971 842 4036 eadem
865 3971 993 4036 ratione
1016 3970 1067 4035 bis
1091 3969 1225 4035 secretis
1248 3968 1328 4034 locis
1346 3967 1506 4032 tributam

238 4092 308 4140 esse
332 4075 486 4141 credibile
508 4095 572 4142 non
596 4082 655 4144 est.
691 4078 788 4144 Velut
810 4076 914 4161 προῖξ
934 4077 1065 4144 Graecis
1091 4096 1183 4143 omne
1207 4076 1324 4142 donum
1344 4082 1404 4156 est,
1429 4076 1506 4142 solis

238 4181 487 4252 Atheniensibus
511 4182 560 4269 (cf.
585 4205 617 4267 p.
634 4183 689 4267 37)
712 4188 835 4251 certum
857 4185 1018 4267 quoddam
1041 4185 1117 4250 doni
1141 4201 1251 4267 genus,
1283 4183 1368 4265 quod
1390 4182 1506 4249 Latine

239 4289 296 4357 dos
330 4299 471 4360 vocatur.
518 4291 670 4373 εὐφρόνη
695 4292 837 4373 Graecis,
874 4292 902 4358 si
931 4311 1008 4358 voce
1037 4292 1165 4358 omnino
1189 4294 1333 4370 utuntur,
1372 4291 1507 4371 „mulier

239 4398 450 4465 benevolens“
475 4403 536 4480 est,
560 4398 632 4480 ipsa
655 4418 718 4465 nox
742 4400 819 4470 solis
841 4399 983 4465 Ionibus.
1021 4396 1225 4483 ἀμφιλαφής
1240 4417 1348 4464 vocem
1363 4398 1506 4466 Ionicam

240 4523 309 4574 esse
333 4524 396 4570 non
420 4510 486 4572 tam
510 4525 548 4573 eo
573 4507 809 4590 comprobatur,
833 4507 918 4591 quod
942 4509 1029 4589 apud
1043 4506 1218 4592 scriptores
1234 4506 1360 4575 Ionicos
1376 4508 1507 4590 potissi-
