3188 5062
684 259 905 326 -.-43-

158 461 270 527 praep.
296 458 408 522 evang.
432 439 502 506 XV.
520 440 560 504 21
592 459 624 522 p.
642 440 740 505 823ss
772 439 812 506 de
840 439 956 506 atomis
985 457 1097 505 uocem
1120 441 1240 522 ψῆγμα
1268 441 1429 523 exhibent,

162 551 217 635 qui
241 549 356 633 quibus
381 567 420 615 ex
443 547 585 614 fontibus
609 547 786 630 hauserint,
810 548 967 612 incertum
991 551 1049 611 est.
1091 546 1166 612 Sim.
1192 547 1269 613 Hes.
1293 551 1428 631 ψήγμα·

158 659 267 742 ξιίσμα
289 656 311 741 ή
335 655 455 740 μικρὸν
471 654 625 739 ἀρέμμα,
650 654 797 738 κλάσμα,
822 655 909 721 Suid.
927 654 1106 736 ψήγματα·
1130 652 1234 737 μικρὰ
1249 655 1430 737 κομμάτια.

159 768 195 833 Id
218 785 296 834 uero
321 764 494 831 tenendum
527 771 577 830 est
599 767 721 846 ψήγμα
744 762 930 845 significans
953 762 1147 843 particulam
1171 763 1315 844 corporis
1338 764 1430 828 mini-

158 894 242 940 mam
266 873 455 939 vocabulum
481 890 551 938 esse
575 871 840 954 philosophorum
864 869 1037 953 peculiare.

265 980 407 1047 Alterius
431 979 676 1062 significationis
693 980 838 1061 exempla
853 978 946 1044 nobis
962 977 1098 1058 praebet
1114 977 1351 1059 Herodotus,
1377 979 1432 1061 qui

159 1093 285 1171 ψῆγμα.
303 1093 396 1153 vocat
419 1107 533 1153 aurum
556 1108 575 1153 a
598 1086 703 1152 fluviis
728 1087 816 1152 velut
839 1107 858 1153 a
881 1085 1013 1152 Pactolo
1039 1085 1195 1150 delatum:
1231 1085 1269 1150 V.
1290 1088 1350 1150 101
1377 1085 1433 1150 έκί

159 1194 221 1260 τὸν
236 1192 431 1260 Πακτωλὸν
453 1193 611 1277 ιτοταμὸν
635 1191 674 1275 ὅς
699 1212 759 1277 σφι
782 1197 903 1276 ψῆγμα
924 1195 1052 1276 χρυσοῦ
1074 1192 1302 1275 καταφορέων
1318 1191 1355 1258 έκ
1371 1196 1432 1257 τοῦ

163 1299 359 1385 Τμώλου..
378 1351 385 1367 .
410 1302 602 1384 Plerumque
619 1302 781 1367 omittitur
794 1305 937 1383 χρυσοᾶ;
966 1302 991 1364 Ι.
1009 1301 1050 1364 93
1076 1303 1137 1364 τοῦ
1154 1299 1191 1364 έκ
1206 1303 1268 1364 τοῦ
1288 1297 1433 1383 Τμώλου

159 1409 441 1492 καταφερομένου
457 1410 648 1492 ψήγματος,
672 1408 713 1474 Π.
730 1409 792 1474 125
810 1408 845 1489 ές
861 1406 975 1490 σωρὸν
991 1408 1181 1491 ψήγματος,
1206 1408 1318 1474 eodem
1335 1426 1433 1474 sensu

103 1564 107 1572 -
160 1517 217 1583 111.
240 1518 372 1581 94—98
397 1519 536 1600 saepius.
583 1516 670 1583 Satis
693 1535 794 1599 prope
823 1517 948 1583 accedit
977 1516 1018 1580 ad
1041 1515 1125 1580 hunc
1148 1533 1241 1580 usum
1264 1515 1433 1597 inscriptio

160 1624 239 1689 Deli·
263 1625 297 1690 in
327 1625 433 1690 insnla
462 1629 593 1707 reperta
616 1624 674 1689 III.
700 1625 831 1706 saeculi,
866 1623 950 1688 Bull.
975 1624 1014 1688 de
1039 1640 1120 1688 corr.
1145 1621 1221 1687 hell.
1237 1622 1284 1688 VI
1307 1624 1434 1705 (1882),

160 1752 192 1815 p.
217 1735 259 1796 29
287 1731 469 1813 (Dittenb.²
493 1750 542 1798 nr.
561 1731 638 1814 588)
666 1732 687 1796 l.
713 1733 765 1812 89,
797 1731 848 1807 95,
877 1731 931 1812 97,
964 1731 1037 1811 118,
1069 1729 1141 1813 123,
1169 1730 1249 1808 188,
1284 1729 1340 1795 ubi
1367 1728 1433 1794 frn-

161 1840 266 1905 stulae
289 1857 407 1905 aureae
423 1845 456 1904 et
472 1843 645 1922 argenteae
660 1858 768 1904 rerum
784 1839 1009 1920 pretiosarum,
1034 1855 1116 1919 quae
1137 1834 1261 1902 fractae
1277 1840 1310 1901 et
1325 1837 1434 1904 laesae

162 1952 265 2028 erant,
294 1951 447 2015 vocantur
470 1946 635 2028 ψήγματα
655 1949 776 2028 χρυσᾶ,
806 1943 945 2026 ἀργυρᾶ,
976 1943 1105 2026 ἀργυρᾶ
1129 1943 1303 2026 ἐπίχρυσα,
1327 1942 1434 2027 drudp-

162 2075 257 2137 γορα,
292 2052 509 2134 καντοάαιιᾶ,
543 2052 580 2120 cf.
615 2054 698 2118 Bull.
727 2053 748 2119 l.
767 2071 793 2118 c.
822 2072 852 2134 p.
874 2054 946 2117 134.
998 2053 1094 2134 Apud
1128 2052 1271 2133 reliquos
1307 2071 1435 2136 quoque

163 2163 338 2244 scriptores
363 2166 484 2245 ψήγμα
508 2163 578 2227 auri
601 2167 781 2228 ramentum
806 2166 865 2242 est,
891 2161 979 2226 velut
1001 2160 1156 2234 Eubulus,
1183 2178 1253 2224 cum
1276 2158 1379 2243 fingat
1401 2161 1434 2224 in

162 2269 316 2351 Hymetto
332 2287 463 2334 arenam
480 2286 611 2335 auream
628 2273 732 2334 ortam
749 2285 830 2349 esse,
848 2268 927 2336 dicit
941 2267 1001 2349 frg.
1017 2269 1059 2332 20
1083 2267 1188 2350 (Koek
1202 2267 1243 2334 ΙΙ.
1261 2270 1333 2348 172,
1358 2268 1433 2332 Mei.

163 2375 316 2457 111215)
342 2374 391 2456 ὡς
411 2376 660 2458 χρυσοτεύκτου
684 2375 1092 2459 ψήγματοςιιεφήνότος.
1128 2374 1241 2457 Neque
1265 2375 1361 2440 aliter
1384 2395 1435 2441 re-

165 2484 324 2551 centiores
341 2503 417 2551 voce
433 2485 484 2550 usi
505 2489 581 2549 sunt
602 2483 678 2548 Luc.
697 2483 781 2549 Gall.
800 2486 850 2563 16,
875 2483 961 2548 Plut.
978 2483 1069 2549 Dam.
1087 2485 1123 2558 4,
1147 2482 1279 2547 Diodor.
1298 2484 1328 2548 2.
1347 2483 1398 2547 50.
1420 2486 1432 2546 1

165 2611 251 2674 saep.
298 2593 382 2657 Huic
406 2593 542 2674 denique
566 2593 638 2657 usui
661 2591 827 2656 addendus
851 2597 902 2656 est
926 2591 1014 2656 loeus
1035 2589 1240 2672 Aeschyleus,
1266 2608 1340 2655 nam
1367 2608 1437 2655 curn

166 2700 323 2783 reliquiae
344 2699 476 2764 heroum
497 2716 568 2764 curn
584 2698 736 2765 thesauro
753 2700 824 2764 auri
842 2703 1077 2780 comparentur,
1104 2698 1202 2763 etiarn
1217 2715 1294 2762 voce
1316 2700 1437 2779 ψήγμα

166 2808 254 2873 nullo
278 2807 372 2872 modo
396 2806 571 2889 quodlibet,
596 2806 653 2871 sed
676 2807 761 2871 auri
784 2811 963 2872 ramentum
988 2804 1160 2870 indicatur.

142 2931 148 2938 ⁴·
274 2918 404 2996 ψῆγμα,
434 2913 520 2994 quod
544 2931 563 2977 a
586 2913 698 2994 quovis
722 2913 850 2978 homine
875 2913 999 2980 Graeco
1023 2911 1156 2977 formari
1179 2914 1319 2992 poterat,
1352 2911 1437 2993 apud

164 3021 281 3086 Iones
305 3021 500 3101 peculiarem
523 3020 614 3086 aurei
635 3021 771 3085 ramenti
788 3038 916 3085 sensum
933 3019 1067 3101 accepit,
1093 3019 1207 3100 quibus
1224 3023 1311 3085 certe
1328 3020 1437 3100 ganui-

167 3148 242 3194 num
279 3126 495 3210 significatum
529 3146 592 3193 non
627 3128 772 3210 ignotum
808 3126 907 3192 fuisse
941 3125 1206 3208 philosophorum
1244 3126 1437 3192 testimoniis

165 3255 264 3318 supra
295 3235 403 3301 allatis
427 3235 662 3318 comprobatur.
705 3234 798 3299 Hunc
821 3234 922 3316 igitur
944 3252 1037 3300 usnm
1061 3234 1257 3316 peculiarem
1280 3253 1344 3300 una
1368 3253 1439 3299 cum

165 3363 201 3409 re
236 3342 360 3425 recepit
382 3342 526 3408 Eubulus
560 3343 822 3425 recentioresque
851 3343 1036 3422 scriptores,
1075 3361 1185 3407 verum
1220 3343 1316 3408 etiam
1352 3342 1439 3423 apud

167 3451 360 3534 Aeschylum
388 3469 449 3516 vox
472 3449 580 3516 Ionica
609 3451 754 3533 putanda
784 3455 843 3526 est,
874 3467 944 3514 cum
973 3450 1000 3514 is
1029 3447 1298 3532 significationem
1328 3467 1438 3515 secun·

167 3559 292 3624 dariam
317 3558 476 3640 recipiens
501 3576 571 3623 curn
592 3557 758 3623 Herodoto
781 3557 878 3638 plane
902 3557 1092 3624 consentiat.

658 3706 949 3817 nnnrnnamr.

273 3878 386 3945 Aesch.
396 3877 529 3961 frg.240
542 3884 634 3945 metr.
648 3878 708 3944 inc.
723 3897 761 3944 ex
769 3877 943 3961 Hesychia:
964 3875 986 3942 ἀ
992 3874 1160 3960 μφιᾶεξί
1165 3897 1226 3957 οις
1238 3879 1347 3959 χερσί·
1365 3882 1440 3958 ταῖς

167 3988 238 4050 τῶν
254 3984 405 4067 τοξοτῶν
421 3982 477 4049 bra
492 3983 532 4050 τὸ
549 3983 712 4068 ἑκατέραν
728 3988 826 4067 χεῖρα
843 3984 989 4067 ένεργεῖν
1006 3983 1042 4049 έν
1057 3987 1106 4067 τῷ
1123 3982 1279 4065 τοξεύειν.
1318 3982 1440 4066 Αίσχέ-

168 4090 229 4174 λος
255 4089 411 4175 Τηλέφῳ.
457 4091 518 4174 frg.
541 4096 614 4158 266.
639 4096 657 4158 2
682 4093 768 4160 trim.
800 4094 886 4175 apud
917 4092 1005 4159 Stob.
1029 4092 1113 4157 Flor.
1137 4091 1244 4157 mat
1280 4089 1440 4170 καὶτοὺς

167 4197 343 4280 θανόντας
358 4200 386 4264 εί
401 4198 516 4281 ιλέλεις
531 4199 715 4282 εὐεργετεῖν
735 4200 740 4283 Ι
761 4199 823 4264 εἴτ’
840 4197 902 4264 οὗν
917 4202 1117 4280 κακουργεῖν
1131 4194 1337 4280 ἀμφιδεξίως
1353 4194 1419 4277 ἔχει
1434 4192 1437 4282 l

169 4308 219 4388 τῷ
242 4307 329 4389 μήτε
349 4309 477 4390 χαίρειν
498 4307 585 4388 μήτε
607 4304 793 4371 λυιιεῖσιίαι
817 4304 973 4390 φᾶιτους.
1009 4304 1070 4372 Illo
1085 4305 1156 4370 loco
1173 4323 1268 4371 sensu
1283 4303 1437 4386 primario

169 4433 231 4480 vox
259 4415 390 4496 ponitur
417 4433 476 4497 pro
511 4414 762 4496 „ambidexter“,
791 4414 843 4479 hic
871 4432 928 4479 seu
956 4413 1034 4478 trite
1058 4431 1115 4478 seu
1138 4407 1357 4494 metaphorice
1381 4429 1440 4492 pro

172 4540 322 4605 ,anceps
346 4540 405 4604 par
427 4524 461 4589 in
484 4527 654 4605 utramque
670 4524 828 4606 partem“.
863 4521 945 4588 Item
960 4540 1023 4587 uox
1039 4521 1125 4603 apud
1139 4520 1281 4603 reliquos
1297 4517 1440 4602 tragicos
