3188 5062
627 261 848 329 -.-43-

98 462 213 529 praep.
238 460 351 524 evang.
375 441 444 509 XV.
463 443 503 507 21
535 462 566 525 p.
584 442 683 508 823Β
715 443 754 509 de
783 441 898 507 atomis
928 460 1039 507 vocem
1062 445 1184 525 ψῆγμα
1211 443 1371 527 exhibent,

104 553 159 637 qui
184 551 299 635 quibus
324 570 362 616 er
385 549 528 616 fontibus
552 550 729 633 hauserint,
752 551 910 615 incertum
933 553 991 614 est.
1033 549 1108 616 Sim.
1134 550 1212 616 Hes.
1236 555 1371 634 ψήγμα·

100 660 210 744 ξύσμα
232 657 255 742 ἢ
277 656 398 742 μικρὸν
414 656 568 741 ήρᾶμμα,
593 656 739 740 κλάσμα,
764 657 851 723 Suid.
869 657 1048 739 ψήγματα·
1072 655 1176 739 μικρὰ
1191 658 1372 741 κομμάτια.

99 769 137 834 Id
162 787 239 835 vero
264 767 436 833 tenendum
470 773 519 832 est
542 769 663 848 ψήγμα
686 764 872 847 significans
896 765 1089 846 particulam
1114 767 1257 846 corporis
1281 767 1373 832 mini·

99 896 184 942 mam
209 874 398 941 vocabulum
423 893 494 941 esse
517 873 782 956 philosophorum
806 872 979 956 peculiare.

208 981 350 1048 Alterius
374 981 618 1064 significationis
635 982 781 1063 exempla
796 981 888 1047 nobis
905 981 1040 1062 praebet
1056 980 1293 1063 Herodotus,
1319 983 1374 1066 qni

100 1095 227 1174 ψήγμα.
245 1095 338 1156 vocat
361 1109 475 1156 aurum
499 1109 517 1155 a
540 1088 646 1155 fluviis
670 1089 758 1155 velut
781 1109 801 1154 a
823 1089 956 1154 Pactolo
981 1088 1137 1153 delatum:
1173 1089 1212 1154 V.
1232 1093 1291 1154 101
1319 1089 1375 1154 ἐπὶ

102 1195 163 1262 τὸν
179 1194 373 1262 Πακτωλὸν
395 1195 553 1279 ποταμὸν
578 1194 616 1278 ὅς
642 1216 702 1279 σφι
724 1199 846 1279 ψῆγμα
866 1197 995 1279 χρυσοῦ
1016 1197 1245 1279 καταφορέων
1261 1195 1298 1260 ἐκ
1313 1200 1374 1261 τοῦ

106 1301 301 1386 Τμώλου..
320 1353 327 1368 .
353 1304 544 1386 Plerumque
561 1305 723 1370 omittitur
737 1307 879 1386 χρυσοῦς
908 1304 933 1368 I.
952 1304 992 1367 93
1018 1307 1079 1368 τοᾶ
1097 1303 1211 1368 datori
1231 1301 1374 1386 Τμώλου

101 1411 384 1493 καταφερομένου
400 1412 591 1494 ψήγματος,
614 1412 656 1476 Π.
672 1412 734 1476 125
751 1410 788 1491 ἐς
804 1408 917 1494 σωρὸν
933 1411 1124 1492 ψήγματος,
1149 1413 1260 1477 eodem
1278 1430 1375 1477 sensu

38 1566 43 1575 .
102 1518 160 1585 III.
182 1520 314 1583 94-98
339 1520 478 1601 saepius.
526 1519 612 1585 Satis
635 1537 737 1600 prope
766 1519 890 1585 accedit
919 1519 960 1583 ad
983 1519 1068 1584 hunc
1090 1536 1183 1583 usum
1206 1519 1375 1600 inscriptio

101 1626 181 1691 Deli·
206 1627 239 1691 in
269 1626 375 1692 insula
404 1632 536 1708 reperta
558 1626 616 1692 ΠΙ.
643 1627 773 1708 saeculi,
808 1627 892 1691 Bnll.
917 1626 957 1692 de
982 1644 1062 1691 corr.
1088 1624 1163 1690 hell.
1181 1625 1226 1690 VI
1250 1627 1375 1708 (1882),

102 1754 134 1817 p.
159 1737 201 1798 29
229 1733 411 1815 (Dittcnb.2
435 1751 484 1799 nr.
504 1733 581 1816 588)
608 1734 629 1798 l.
656 1735 707 1815 89,
739 1734 790 1810 95,
820 1735 873 1814 97,
906 1734 979 1814 118,
1011 1733 1083 1815 123,
1111 1733 1190 1812 188,
1226 1732 1282 1798 ubi
1310 1731 1402 1797 fro-¹

103 1842 209 1907 stulae
231 1859 349 1907 aureae
366 1847 398 1906 et
414 1845 588 1923 argenteae
602 1860 710 1907 rernm
726 1841 951 1922 pretiosarum,
976 1857 1058 1922 quae
1080 1837 1203 1904 fractae
1220 1843 1252 1904 et
1268 1839 1376 1906 laesae

104 1953 207 2030 erant,
235 1953 389 2017 vocantur
412 1948 577 2031 ψήγματα
597 1951 718 2030 χρυσᾶ,
748 1946 887 2030 ἀργυρᾶ,
918 1946 1047 2029 ἀργυρᾶ
1071 1946 1244 2029 ἐπίχρυσα,
1269 1945 1376 2030 ὑπᾶρ-

103 2077 199 2139 γυρα,
234 2053 451 2137 ιταντοὸαιιᾶ,
485 2055 523 2121 cf.
557 2056 640 2121 Bull.
670 2056 690 2121 l.
709 2074 735 2121 c.
764 2075 794 2137 p.
816 2057 888 2120 134.
941 2056 1036 2136 Apud
1069 2055 1213 2137 reliquos
1249 2073 1376 2138 quoquc

104 2165 280 2246 scriptores
305 2168 426 2247 ψῆγμα
450 2165 520 2229 anri
543 2169 724 2231 ramentum
748 2168 807 2245 est,
833 2164 922 2229 velut
944 2163 1098 2236 Eubulus,
1124 2181 1195 2227 cum
1218 2161 1320 2245 lingat
1343 2163 1375 2228 in

103 2271 258 2353 Hymetto
274 2289 405 2336 arenam
422 2289 553 2337 auream
570 2275 675 2336 ortam
691 2289 772 2353 esse,
790 2272 869 2337 dicit
883 2270 943 2352 ng.
959 2272 1000 2336 20
1025 2270 1129 2352 (Koch
1144 2271 1185 2337 II.
1203 2272 1275 2352 172,
1300 2271 1375 2335 Mei.

104 2378 162 2443 111.
179 2381 258 2459 216)
284 2377 332 2458 ὡς
353 2378 603 2460 χρυσοτεύκτου
626 2379 807 2462 ψήγματος
828 2378 1033 2462 πεφηνότος.
1070 2377 1183 2460 Neque
1207 2377 1303 2443 aliter
1327 2398 1377 2444 re-

106 2487 266 2553 centiores
282 2504 359 2553 voce
375 2487 427 2552 usi
447 2491 523 2551 sunt
544 2486 621 2552 Luc.
639 2486 723 2553 Gall.
742 2489 792 2566 16,
817 2486 902 2552 Plnt.
920 2486 1010 2552 Dem.
1029 2487 1064 2561 4,
1089 2485 1220 2551 Diodor.
1239 2487 1270 2551 2.
1289 2486 1340 2550 50.
1361 2489 1375 2548 1

106 2612 192 2676 saep.
240 2594 323 2659 Huic
347 2595 484 2677 denique
509 2595 580 2660 usui
604 2594 769 2660 addendus
793 2602 843 2659 est
867 2595 955 2659 locus
977 2593 1182 2674 Aeschyleus,
1208 2611 1282 2658 nam
1309 2611 1379 2658 cum

107 2701 264 2786 reliquiae
285 2701 418 2766 heroum
439 2720 510 2766 cnm
526 2701 678 2767 thesauro
695 2703 766 2768 auri
784 2706 1018 2782 comparentur,
1045 2702 1143 2766 etiam
1159 2719 1236 2766 voce
1257 2703 1378 2782 ψῆγμα

108 2809 313 2875 nullomodo
338 2808 513 2891 quodlibet,
539 2809 596 2873 scd
619 2809 703 2873 auri
726 2814 905 2875 ramentum
930 2808 1101 2873 indicatur.

85 2935 88 2940 ·
216 2919 346 2999 ψήγμα,
377 2916 462 2996 qnod
486 2935 505 2979 a
528 2916 640 2997 quovis
664 2915 792 2981 homine
817 2915 941 2983 Gracco
965 2914 1097 2980 formari
1121 2919 1261 2996 poterat,
1293 2915 1379 2996 apud

106 3023 223 3089 Iones
247 3023 442 3104 peculiarem
466 3023 556 3089 aurei
576 3023 713 3088 ramenti
730 3041 857 3088 sensum
875 3021 1009 3104 accepit,
1034 3022 1148 3102 quibus
1166 3026 1253 3088 certe
1269 3023 1379 3104 genui-

109 3149 184 3195 num
220 3128 436 3213 significatum
470 3149 535 3196 non
569 3131 713 3212 ignotum
750 3128 849 3194 fuisse
882 3128 1147 3211 philosophorum
1185 3129 1379 3195 testimoniis

107 3256 206 3320 supra
237 3238 344 3302 allatis
369 3236 604 3318 comprobatur.
646 3237 740 3302 Hunc
763 3236 864 3318 igitur
886 3255 979 3302 usum
1002 3237 1197 3320 peculiarem
1222 3256 1380 3303 unacum

107 3365 143 3411 re
178 3345 301 3427 recepit
323 3344 467 3410 Eubulus
502 3345 763 3428 recentioresque
793 3346 977 3426 scriptores,
1016 3364 1126 3410 verum
1161 3347 1257 3413 etiam
1294 3346 1380 3427 apud

109 3451 302 3534 Aeschylum
329 3471 390 3517 vox
413 3451 523 3517 Ionica
552 3453 696 3535 putanda
726 3456 784 3528 est,
816 3470 886 3516 cum
914 3453 942 3516 is
970 3451 1239 3534 significationem
1269 3471 1380 3517 secun·

108 3560 234 3625 dariam
259 3559 418 3640 recipiens
443 3578 514 3625 cnm
533 3559 700 3625 Herodoto
723 3559 820 3640 plane
844 3559 1034 3626 consentiat.

600 3709 891 3820 adoraruros.

215 3880 327 3947 Aesch.
337 3879 471 3962 frg.240
484 3885 575 3947 metr.
590 3881 650 3945 inc.
664 3880 885 3964 cxHesychio:
906 3877 1167 3963 ᾶμφιὸεξίοις
1179 3882 1289 3962 χερσί·
1307 3885 1382 3960 ταῖς

109 3989 180 4052 τῶν
195 3985 347 4069 τοξοτῶν
363 3984 419 4051 dui
434 3985 474 4052 τὸ
491 3986 653 4069 ἑκατέραν
669 3990 767 4070 χεῖρα
784 3987 931 4070 ἐνεργεῖν
947 3987 1048 4069 ἐντῷ
1065 3984 1220 4067 τοξεύειν.
1260 3985 1382 4069 Αἰσχυ-

108 4091 169 4175 λος
197 4091 353 4177 Τηλέφῳ.
398 4093 459 4176 irg.
483 4096 556 4160 266.
580 4098 599 4159 2
624 4095 709 4162 trim.
741 4096 828 4177 apud
858 4093 946 4160 Stob.
971 4095 1054 4161 Flor.
1078 4096 1186 4160 1267
1221 4092 1382 4173 καὶτοὺς

108 4199 283 4282 ήανόντας
299 4202 328 4265 εἰ
343 4198 457 4282 ιλέλεις
472 4200 656 4284 εὐεργετεῖν
676 4202 681 4285 1
702 4201 764 4267 εἴτ’
781 4198 843 4267 οὖν
858 4206 1059 4283 κακουργεῖν
1072 4198 1278 4283 ἀμφιδεξίως
1295 4196 1378 4286 ἕχειή

111 4310 160 4389 τῷ
183 4309 270 4391 μήτε
289 4310 418 4391 χαίρειν
440 4308 526 4391 μήτε
549 4306 734 4375 λυιιεῖσιλαι
758 4306 915 4392 φᾶιτούς.
951 4308 1011 4374 Illo
1027 4308 1097 4374 loco
1115 4327 1209 4375 scnsn
1226 4308 1379 4389 primario

110 4435 172 4482 vox
199 4417 331 4498 ponitur
358 4434 417 4498 pro
452 4416 703 4499 „ambidexter“,
731 4418 784 4483 hic
812 4436 869 4482 seu
897 4416 975 4482 trite
999 4434 1057 4482 seu
1080 4411 1299 4497 metaphorice
1322 4433 1382 4496 pro

114 4542 263 4607 „anceps
286 4542 346 4606 par
369 4525 402 4590 in
425 4529 595 4608 utramque
611 4527 769 4608 partem“.
804 4525 887 4591 Item
902 4543 965 4590 vox
980 4525 1066 4608 apud
1081 4524 1223 4606 reliquos
1239 4521 1382 4606 tragicos
