3188 5062
263 1348 490 1460 Tragoediam
514 1377 654 1444 Atticam
678 1396 787 1449 merae
812 1383 845 1443 et
868 1378 1032 1445 immixtae
1056 1379 1201 1447 Atthidis
1225 1379 1345 1465 fontem
1369 1400 1433 1447 non

157 1503 242 1565 csse,
280 1485 335 1549 diu
363 1489 413 1549 est
441 1504 480 1550 ex
509 1503 571 1568 quo
603 1485 689 1550 inter
713 1503 823 1551 omnes
848 1489 985 1551 constat.
1032 1485 1138 1568 Atque
1162 1485 1313 1553 facillime
1338 1488 1371 1552 id
1395 1489 1432 1553 in

157 1592 328 1657 canticis
353 1593 559 1676 conspicitur,
593 1611 675 1675 quae
703 1612 767 1658 non
792 1591 894 1658 solum
918 1593 1046 1659 Derieis
1069 1592 1181 1660 formis
1205 1599 1339 1675 scatent,
1376 1597 1432 1659 sed

157 1700 255 1764 etiam
272 1699 382 1765 Ionica
398 1704 431 1765 et
447 1700 577 1765 Aeolica
602 1700 761 1766 elementa
783 1699 871 1764 haud
894 1718 997 1781 pauca
1013 1701 1189 1767 continent.
1229 1701 1340 1784 Neque
1357 1722 1433 1769 vero

157 1807 253 1873 aliter
288 1807 558 1873 diverbiorum
594 1825 699 1873 sermo
735 1807 834 1873 variis
875 1825 913 1871 ex
947 1807 1115 1874 elementis
1150 1810 1338 1875 commixtus
1374 1813 1433 1876 est.

158 1915 299 1993 Quorum
327 1915 465 1996 vestigia
492 1915 555 1980 viri
590 1916 676 1982 docti
705 1915 810 1997 primo
840 1932 991 1980 sonorum
1020 1919 1146 1981 tantum
1174 1917 1299 1982 ratione
1323 1915 1436 1981 habita

158 2022 428 2105 conquisiverunt.
474 2023 544 2088 Hac
575 2023 628 2089 via
662 2023 840 2091 certissime
871 2041 948 2088 sane
977 2021 1123 2104 singulae
1152 2004 1274 2089 formae
1299 2022 1434 2106 singulis

158 2130 304 2194 dialectis
332 2130 549 2205 vindicantur,
587 2130 757 2197 dummodo
791 2134 931 2213 constet,
967 2135 1121 2211 quantum
1157 2131 1363 2197 tribuendum
1393 2131 1438 2196 sit

157 2238 344 2303 auctoritati
369 2238 512 2303 codicum
536 2236 645 2302 fallaci
669 2237 702 2302 in
726 2237 776 2301 his
793 2237 948 2316 minutiis,
973 2237 1134 2326 imprimis
1150 2237 1183 2302 in
1201 2237 1436 2319 distinguendis

156 2345 320 2410 vocalibus
350 2366 371 2409 u
396 2350 428 2410 et
451 2366 488 2427 q,
524 2363 607 2428 quae
639 2344 754 2409 summi
781 2344 935 2409 momenti
964 2349 1039 2408 sunt
1063 2345 1104 2408 ad
1127 2346 1343 2411 secernendas
1368 2343 1435 2410 dia·

157 2452 268 2520 lectos.
304 2453 396 2518 Hanc
424 2453 482 2535 „de
506 2453 626 2519 vocalis
651 2473 673 2517 α
696 2472 793 2535 proq
817 2453 849 2516 in
866 2451 1063 2534 tragicorum
1077 2451 1274 2519 Graecorum
1290 2453 1435 2520 uersibus

157 2560 319 2640 trimetris
338 2569 417 2626 usu“
445 2562 667 2644 quaestionem
687 2560 830 2628 instituit
847 2558 880 2627 0.
893 2558 1013 2625 Barlen
1029 2560 1161 2627 Bonnae
1180 2562 1288 2641 1872,
1302 2560 1435 2626 Doricas

157 2668 240 2749 illas,
266 2686 348 2750 quae
371 2673 536 2749 vocantur,
559 2667 679 2734 formas
703 2668 879 2751 antiquiori
895 2667 1075 2733 Atticorum
1098 2668 1228 2750 linguae
1245 2669 1433 2734 tribuendas

157 2794 228 2842 csse
263 2781 363 2842 ratus.
419 2776 488 2841 Iam
524 2781 599 2843 ante
635 2795 706 2841 eum
741 2773 776 2840 G.
806 2775 944 2841 Althaus
986 2775 1025 2841 de
1060 2775 1208 2842 universo
1244 2776 1431 2857 tragoediae

158 2883 306 2948 Dorismc
331 2884 490 2964 quaesivit
513 2883 619 2949 Berol.
645 2885 740 2967 1866,
766 2884 886 2948 additis
911 2883 995 2949 curis
1019 2884 1167 2950 secundis
1191 2882 1431 2966 Spand.1870;

157 2994 260 3056 totam
277 2991 421 3057 Graecae
445 2992 633 3074 tragoediae
650 2991 823 3058 dialectum
840 2991 1081 3057 accuratissime
1096 2992 1250 3058 tractauit
1264 2990 1300 3057 B.
1320 2990 1431 3072 Gerth,

159 3097 446 3166 (iuramenta.
472 3101 588 3181 (1868)
612 3118 643 3181 p.
662 3100 726 3163 225
740 3118 807 3181 sqq.
857 3099 935 3163 Tum
960 3099 1001 3162 de
1026 3098 1174 3180 Aeschyli
1197 3096 1308 3164 formis
1333 3098 1432 3180 epicis

158 3207 225 3288 egit
248 3206 285 3273 Β.
309 3206 464 3290 Franklin
493 3207 526 3271 in
555 3208 660 3288 prima
687 3213 781 3289 parte
806 3206 1058 3272 dissertationis:
1096 3206 1213 3271 Traces
1237 3205 1270 3272 of
1292 3206 1362 3287 apic
1385 3206 1433 3270 in-

157 3312 280 3380 fluence
315 3313 347 3380 in
382 3315 438 3381 the
473 3316 637 3398 tragedias
678 3314 712 3381 ol
744 3314 935 3396 Aeschylus,
974 3314 1152 3380 Baltimore
1193 3314 1288 3380 1895.
1349 3313 1433 3378 Item

159 3421 325 3504 Sophoclis
345 3421 471 3488 loricas
495 3423 666 3489 uerborum
689 3422 809 3488 formas
835 3422 997 3505 congessit
1012 3422 1053 3486 H.
1067 3421 1249 3487 Wittehind
1269 3422 1303 3485 in
1323 3421 1432 3503 priore

157 3536 251 3612 parte
283 3531 521 3596 dissertationis
547 3531 708 3597 Gissensis
741 3532 800 3606 „dc
824 3549 971 3596 sermone
993 3528 1195 3611 sophoclem
1219 3529 1431 3612 conscriptae,

158 3638 447 3719 Budingae1895.
498 3639 547 3703 De
575 3638 732 3721 Aeschylo
769 3639 990 3722 quaestionem
1025 3656 1128 3719 nuper
1161 3657 1220 3719 pro
1255 3641 1348 3718 parte
1382 3654 1433 3700 re·

157 3745 311 3811 tractavit
334 3746 374 3812 de
397 3745 482 3811 Mass
506 3746 539 3810 in
567 3747 828 3829 ,quaestionibus
858 3746 897 3811 de
921 3746 1155 3828 epigrammate
1179 3745 1286 3809 Attico
1311 3747 1433 3807 11111-

159 3853 273 3935 goedia
297 3853 479 3935 antiquiore
502 3854 713 3935 dialecticis“,
739 3856 870 3920 Bonnae
897 3855 990 3918 1898.
1037 3852 1074 3916 In
1098 3851 1280 3918 universum
1304 3851 1343 3915 de
1367 3856 1433 3915 tra-

159 3961 294 4043 goediae
318 3979 463 4027 sermone
489 3962 667 4043 disputavit
690 3962 848 4044 imprimis
873 3962 912 4027 de
936 3960 1149 4026 Wilamowitz
1173 3958 1319 4041 pluribus
1343 3956 1432 4040 locis,

159 4067 197 4134 11.
214 4069 311 4134 Verh.
337 4069 365 4134 d.
393 4070 444 4134 32.
470 4069 661 4136 Phil.·Vcrs.
687 4070 882 4137 Wiesbaden
901 4072 997 4153 1811,
1021 4089 1053 4151 p.
1072 4070 1114 4134 36
1128 4087 1207 4151 sqq,
1231 4066 1385 4134 Zeitschr.
1410 4064 1432 4132 f.

160 4174 453 4258 Gymnasialwesen
480 4178 574 4257 1884,
599 4197 630 4259 p.
651 4178 713 4242 106
728 4196 808 4260 sqq,
842 4177 925 4244 Phil.
949 4178 1079 4244 Unters.
1097 4176 1169 4260 VH,
1192 4195 1224 4258 p.
1242 4176 1316 4256 310,
1352 4174 1433 4240 Her-

159 4282 645 4366 cfflmmmpfflm

266 4391 389 4469 Quibus
406 4392 549 4458 virorum
562 4393 732 4459 doctorum
748 4393 864 4460 studiis
879 4394 961 4460 hacc
981 4393 1061 4462 satis
1079 4390 1267 4459 confirmata
1283 4390 1434 4457 videntur

159 4516 245 4566 csse:
271 4498 381 4565 Omnis
404 4506 574 4582 poetarum
591 4501 785 4567 Graecorum
812 4521 916 4568 sermo
940 4500 1116 4568 artificiose
1138 4499 1332 4581 compositus
1349 4515 1434 4562 corn·

212 4603 247 4645 Al
252 4617 266 4657 y
271 4633 277 4655 ‚
291 4603 324 4645 De
340 4604 444 4658 Aeschyli
459 4604 523 4658 copia
536 4605 659 4650 verborum.
1244 4609 1255 4661 l
