3188 5062
684 269 904 335 ..37-

161 451 226 530 tur,
258 464 323 530 qua
351 445 480 530 quidem
508 465 544 513 re
567 445 646 512 nihil
671 448 905 530 comprobatur.
948 451 1066 517 Tamen
1090 452 1141 518 vel
1164 452 1229 519 alia
1251 470 1348 518 causa
1371 458 1431 538 est,

159 574 216 620 cur
243 554 416 642 verisimile
444 555 489 621 sit
519 555 663 638 singulas
693 555 850 625 Graeciae
878 563 992 643 gentes
1027 561 1160 642 propria
1188 561 1274 627 dotis
1302 563 1431 628 nomina

158 661 325 729 formasse.

266 769 399 836 Homeri
427 769 627 852 temporibus
655 770 712 838 dos
736 772 864 838 omnino
888 773 1050 854 nonfuit,
1080 774 1136 840 sed
1160 771 1242 840 ἕὸνα
1264 772 1431 869 1μέάναε

161 878 231 944 viro
247 877 317 944 loco
335 877 505 959 emptionis
522 877 628 943 uxoris
645 876 875 945 afferebantur:
907 878 946 946 H
957 883 1030 962 178,
1047 883 1119 962 190,
1136 878 1170 945 X
1179 884 1255 964 472,
1272 879 1375 948 0318
1388 884 1429 949 al.

158 985 277 1051 Aetate
299 984 495 1067 procedente
518 1002 587 1051 mos
610 986 767 1067 paulatim
790 988 837 1052 ita
859 992 1003 1053 mutatus
1027 994 1086 1070 est,
1120 992 1157 1053 ut
1183 989 1299 1054 mulier
1321 992 1429 1056 dotem

157 1093 226 1158 viro
250 1091 360 1173 ferret,
385 1111 467 1176 quae
491 1098 548 1158 aut
571 1093 663 1158 initio
688 1099 744 1160 aut
767 1113 787 1158 a
810 1095 1003 1177 quibusdam
1022 1095 1205 1162 hominibus
1229 1095 1429 1182 (Aeolibus?)

159 1200 272 1266 eodem
301 1200 429 1265 nomine
462 1196 542 1264 ἕάνα
565 1205 680 1266 vocata
704 1207 762 1282 est,
793 1203 881 1268 velut
905 1224 927 1266 α
944 1204 1007 1268 277
1024 1204 1077 1284 α1.,
1113 1202 1203 1268 Pind.
1230 1203 1278 1269 01.
1302 1204 1357 1269 IX.
1379 1208 1429 1287 12,

158 1307 216 1373 sed
240 1305 278 1373 cf.
302 1307 401 1373 schol.
425 1306 606 1374 adhinc.
636 1305 718 1373 ἕάνο
747 1306 809 1391 γὰρ
839 1307 992 1375 ἀιάόοσιν
1017 1311 1049 1374 ολ
1073 1306 1203 1391 ἀνδρες,
1236 1308 1365 1392 φερνὰς
1393 1308 1431 1376 ἀὲ

160 1415 195 1478 αῖ
229 1418 385 1496 γυναῖκες
418 1411 489 1479 κτλ.
540 1414 634 1480 Iones
663 1416 751 1480 illam
780 1436 847 1483 rem
884 1417 1023 1499 φερνήν,
1057 1416 1272 1483 Athenienses
1303 1423 1430 1500 ιιροῖκο

157 1539 272 1587 vocare
308 1526 491 1604 coeperunt,
527 1523 725 1604 reliquarum
759 1529 867 1589 autem
896 1525 1039 1606 gentium
1069 1524 1198 1590 uomina
1226 1523 1428 1608 nescimus²).

158 1629 278 1695 Tamen
302 1648 341 1694 ex
364 1629 514 1712 analogia
536 1649 612 1697 usus
636 1631 737 1697 Ionici
761 1636 794 1696 et
810 1632 911 1697 Attici
935 1629 1083 1713 efficitur,
1107 1638 1144 1697 ut
1167 1650 1261 1698 suum
1285 1651 1429 1714 quaeque

158 1755 273 1804 nomen
297 1735 493 1803 formaverit

264 1845 405 1924 Quacum
444 1864 480 1912 re
517 1845 613 1926 plane
652 1845 813 1912 consentit
850 1845 1062 1913 Athenienses
1101 1846 1135 1912 in
1173 1865 1251 1913 voce
1291 1848 1429 1929 φερνίον

157 1953 348 2034 ,.εροτῖιιΙαιι
373 1954 507 2020 eandem
530 1954 665 2035 stirpem
688 1953 784 2035 longe
808 1953 935 2020 diverso
959 1972 1056 2020 sensu
1078 1972 1261 2036 usurpasse.

580 2215 1009 2284 ΑΜΦΙΒΛΗΣΤΡΟΝ.

264 2378 302 2445 εί.
327 2380 509 2446 Wittekiud
531 2401 563 2464 p.
582 2382 633 2446 34.
849 2451 853 2461 ‚

262 2487 368 2554 Prom.
396 2490 435 2554 81
453 2489 538 2556 trim.
570 2490 761 2571 στείχωμεν,
793 2487 841 2569 ὡς
869 2484 1029 2552 κώλοισιν
1053 2483 1329 2569 ἀμφίβληστρ’
1354 2485 1428 2569 ἔχει.

157 2593 255 2660 schol.
287 2594 323 2659 ἐν
351 2596 432 2660 ποσί
464 2597 521 2660 καί
545 2596 640 2679 χερσί
668 2593 711 2659 τά
739 2592 847 2677 ὁεσμὰ
876 2592 950 2676 ἔχει.
1003 2594 1060 2674 Ag.
1088 2593 1311 2678 13810316)
1343 2595 1428 2660 trim.

158 2698 298 2782 ἀαειρον
322 2699 634 2785 ἀμφίβληστρον
659 2701 774 2783 ὥσπερ
799 2699 940 2784 ίχάἀων.
986 2699 1213 2783 Oinoparas
1234 2699 1428 2787 (479)trim.

156 2808 310 2890 μέμνησο
327 2806 359 2873 δ’
377 2807 700 2892 ἀμφίβληστρον,
718 2806 746 2891 ᾧ
764 2812 796 2873 α’
813 2808 993 2876 ἐκαίνισαν.
1034 2805 1293 2890 ἀμφίβληστρον
1319 2812 1427 2885 „rete“

159 2920 218 2996 est,
242 2917 299 2983 sed
322 2917 542 2999 metaphorice
566 2919 663 2984 etiam
686 2917 725 2982 de
748 2917 883 2983 vinculis
906 2915 1090 2982 Promethei
1113 2920 1296 2997 usurpatur.
1337 2916 1431 2983 Simi-

156 3023 233 3087 liter
267 3024 485 3105 metaphorice
521 3024 617 3107 Soph.
649 3024 872 3091 Τσαο1.1059
902 3024 987 3089 trim.
1020 3021 1183 3105 καάῆφεν
1210 3019 1324 3105 ,ὤμοις
1357 3028 1431 3105 τοῖς

157 3128 254 3212 ἐμοῖς
277 3179 336 3197 ...
361 3129 675 3215 ἀμφίβληστρον
698 3132 738 3198 de
761 3133 952 3198 vestimento
975 3130 1134 3212 Herculis,
1166 3131 1251 3213 quod
1274 3130 1428 3195 Deianira
1550 3168 1553 3173 <

158 3236 308 3302 ei'misit.
355 3238 397 3303 Et
419 3238 529 3321 Enrip.
539 3236 564 3323 ²)
592 3238 662 3320 Iph.
685 3239 779 3305 Taur.
796 3241 838 3303 96
862 3238 947 3303 trim.
976 3239 1009 3304 τί
1035 3235 1188 3320 ὁρῶμεν;
1223 3235 1430 3320 ἀμφίβλη-

158 3361 256 3426 στρα
287 3342 350 3427 γὰρ
384 3347 508 3429 τοίχων
542 3343 626 3429 ὁρᾷς
651 3345 657 3432 Ι
682 3344 812 3429 ἀφηλά.
864 3345 1033 3429 Tragicum
1063 3364 1241 3411 sermonem
1269 3343 1427 3427 Lycophr.

158 3451 207 3516 Al.
229 3454 427 3531 1101‚1375
452 3454 609 3521 imitatur.

262 3559 396 3626 Praeter
426 3563 567 3644 tragicos
597 3567 710 3643 poetas
740 3579 849 3628 vocem
884 3564 991 3642 ,rete“
1026 3558 1260 3641 significantem
1292 3560 1427 3641 legimus

155 3665 189 3729 in
224 3664 384 3753 [Hesiod]
414 3675 493 3734 scut.
519 3670 583 3733 215
619 3668 686 3750 είχε
716 3667 754 3734 ἀὲ
783 3669 879 3752 χερσί
909 3670 913 3752 ί
946 3666 1080 3751 ίχιίάσιν
1104 3664 1427 3750 ἀμφίβληστρον.

157 3772 289 3840 Scutum
313 3795 376 3841 non
400 3777 440 3843 ab
456 3777 608 3857 Hesiodo,
630 3778 687 3842 sed
704 3776 743 3841 ab
759 3777 867 3842 Ionico
884 3776 1021 3859 quodam
1036 3776 1198 3857 rhapsodo
1215 3776 1343 3841 saeculo
1356 3775 1427 3841 VII.

158 3888 296 3950 exeunte
320 3885 530 3966 compositum
554 3889 613 3950 est.
649 3885 728 3950 Tum
750 3884 870 3952 Herod.
887 3885 911 3950 I.
928 3886 988 3947 141
1015 3882 1063 3963 ὡς
1087 3879 1124 3946 ἀὲ
1146 3881 1344 3965 φενσιίηναι
1367 3886 1428 3966 τῆς

160 3985 307 4070 crateae,
332 3988 450 4075 λαβεῖν
473 3989 785 4075 ἀμφίβληστρον
807 3992 864 4057 καί
879 3988 1075 4074 περιβαλεῖν
1091 4008 1128 4054 τε
1143 3987 1281 4072 ιιλῆάος
1296 3986 1428 4053 πολλὸν

160 4115 371 4133 -γ-

261 4185 283 4254 ¹]
302 4185 400 4240 Strabo
417 4186 442 4240 X
461 4186 606 4257 ρ.489(1,
625 4187 672 4240 ubi
691 4186 724 4240 de
737 4185 908 4240 Cretensium
926 4184 990 4239 dote
1009 4185 1139 4256 loquitur,
1158 4199 1224 4239 suae
1242 4183 1342 4238 aetatis
1360 4198 1427 4237 voce

156 4265 240 4344 popm}
257 4274 354 4339 utitur,
375 4276 447 4344 quod
466 4275 582 4332 fortasse
601 4277 655 4331 iarn
674 4279 770 4331 auctor
789 4275 856 4344 eius,
875 4274 1009 4345 Ephorus,
1029 4275 1186 4344 scripserat.

260 4361 283 4432 ⁹)
309 4363 371 4418 Hel.
392 4367 461 4422 1070
487 4367 559 4421 trim.
587 4366 647 4421 loco
676 4366 805 4420 adiectivi
834 4365 1020 4436 ἀμφίβληστρα
1044 4404 1071 4418 ..
1096 4357 1164 4436 ριίκη
1191 4363 1323 4430 traditur,
1354 4362 1427 4432 quod

157 4451 346 4520 corrigendum
365 4457 408 4508 est
426 4470 480 4509 sec.
499 4455 552 4524 frg.
573 4458 623 4511 697
643 4456 725 4522 trim.,
744 4455 792 4509 nbi
811 4450 966 4526 ἀμφίμῖηια
984 4448 1052 4526 polan
1071 4454 1209 4510 scribitur.
1246 4452 1339 4508 Verba
1357 4452 1428 4506 enim

156 4540 269 4612 iun-spor
287 4541 404 4597 formata
421 4545 654 4600 substantivorum
672 4545 727 4600 vim
745 4545 845 4601 habere
865 4545 962 4600 solent.
