3188 5062
754 258 975 324 -36..

337 438 483 521 Denique
505 437 539 503 in
562 437 674 522 lingua
697 438 856 504 communi
881 437 987 520 φερνή
1011 456 1073 503 vox
1088 436 1301 504 usitatissima
1326 441 1377 504 est
1400 435 1503 504 omni-

228 546 355 629 busque
378 564 458 629 quos
482 545 608 628 inspexi
631 545 712 612 locis
729 546 837 612 dotem
852 543 1027 628 significat:
1048 535 1086 611 'et
1101 544 1133 610 in
1149 544 1282 627 papyris
1296 544 1377 627 Pap.
1394 544 1502 611 Berol.

229 655 255 720 I.
275 655 347 720 183.
364 656 384 719 6
408 672 507 736 saep,
533 656 641 718 251.4
664 672 763 736 saep,
790 655 865 718 252.
879 655 909 734 6,
933 652 991 718 ΙΠ.
1010 656 1085 718 717.
1098 655 1129 733 4,
1147 654 1210 716 742
1234 651 1291 718 Π6
1309 654 1337 734 1,
1355 652 1430 734 975,
1448 654 1503 734 22,

230 762 438 845 ποράφερνα
461 761 536 825 975.
549 763 600 826 22.
639 760 718 843 Pap.
735 760 819 826 Ptol.
837 762 889 827 21.
907 761 958 845 19,
984 759 1078 842 Onyr.
1093 759 1173 842 Pap.
1190 759 1231 826 Η.
1249 761 1323 825 266.
1339 762 1358 824 9
1383 763 1446 826 616.
1470 765 1506 826 61

232 870 318 952 apud
352 870 526 951 scriptores
559 868 670 951 Polyb.
695 869 745 935 18.
765 871 815 933 18.
835 869 864 949 6,
895 869 947 934 28.
967 871 1016 932 17.
1036 869 1067 948 9,
1097 868 1149 933 32.
1175 869 1206 932 8.
1224 870 1254 932 4.
1300 866 1397 932 LXX.
1423 866 1504 933 Gen.

236 979 288 1043 34.
308 979 358 1058 12,
394 975 450 1043 En
473 978 525 1043 22.
551 977 606 1058 16,
634 977 689 1057 17,
721 976 912 1055 161610,
940 973 1103 1041 11.Μ666.
1127 976 1231 1056 1.14,
1261 973 1389 1055 Ioseph.
1413 975 1449 1040 A.
1465 974 1504 1054 1.,

233 1084 319 1150 Plnt.
343 1085 384 1150 al.
407 1085 494 1150 haud
517 1083 626 1149 semel.
1141 1073 1144 1078 ’

338 1191 386 1257 Ex
420 1191 501 1274 ipsis
535 1190 729 1257 testimoniis
764 1190 921 1257 evincitur
950 1191 1079 1274 φερνήν
1114 1209 1185 1258 6666
1217 1193 1304 1274 apud
1330 1191 1504 1260 Dorienses

232 1299 454 1384 (Epidaurios)
479 1298 613 1382 quodvis
637 1299 764 1381 donum,
790 1300 875 1381 apud
897 1299 992 1366 Iones
1015 1305 1049 1365 et
1072 1300 1197 1366 Atticos
1220 1299 1337 1381 dotem,
1364 1301 1505 1382 φερνίον

233 1408 319 1490 apud
353 1408 479 1474 Atticos
514 1408 702 1489 sportulam.
764 1407 893 1490 φερνήν
927 1412 1035 1473 autem
1073 1407 1219 1480 „dotem“
1256 1407 1334 1473 solis
1369 1406 1505 1473 Ionibus

232 1515 457 1582 vindicandam
482 1533 563 1600 6666,
587 1515 662 1580 inde
686 1533 879 1598 cognoscere
902 1515 988 1596 licet,
1012 1515 1098 1598 quod
1120 1515 1231 1596 paucis
1255 1514 1320 1579 11116
1335 1513 1425 1594 16616,
1450 1513 1507 1578 ubi

234 1623 341 1706 φερνή
373 1623 434 1688 hoc
462 1640 558 1689 sensu
587 1622 672 1705 apud
704 1623 878 1704 scriptores
905 1623 1031 1689 Atticos
1065 1622 1195 1704 legitur,
1230 1620 1339 1686 lonico
1375 1640 1415 1686 ex
1443 1638 1504 1685 usu

233 1735 365 1813 recepta
398 1729 527 1795 ridetur
562 1747 642 1795 esse.
695 1728 875 1811 Xenophon
914 1730 999 1794 enim
1032 1728 1134 1794 multa
1169 1729 1237 1794 eius
1271 1728 1358 1794 modi
1395 1728 1505 1810 habet,

234 1837 412 1904 Menander
441 1837 528 1902 band
556 1837 668 1918 procul
695 1837 789 1903 abest
812 1836 852 1902 ab
875 1854 936 1901 usu
959 1836 1088 1917 linguae
1112 1836 1288 1902 communis
1325 1833 1377 1919 (cf.
1403 1834 1506 1918 ἀμφί-

233 1942 404 2028 βληστρον
427 1964 458 2026 p.
472 1945 539 2026 39),
564 1943 807 2010 Ananandrides
823 1944 845 2010 l.
859 1962 884 2010 c.
901 1944 1028 2025 poetice
1043 1944 1197 2027 loquitur,
1222 1943 1259 2008 61.
1274 1962 1304 2009 1.
1318 1944 1359 2008 33
1384 1939 1504 2015 deono-

234 2052 358 2134 σύνοις,
389 2053 431 2116 36
462 2047 566 2133 ὀὸμοί
595 2057 628 2116 61
651 2051 692 2115 61.
738 2051 912 2118 Aeschines
940 2051 1079 2134 denique
1107 2069 1189 2134 qnae
1222 2051 1262 2116 de
1286 2050 1401 2116 Thesei
1429 2049 1506 2116 filiis

233 2163 345 2224 narrat
369 2160 438 2226 sine
462 2159 559 2224 dubio
584 2157 774 2240 tragoediae
797 2158 931 2226 alicuius
955 2163 1144 2242 argumento
1168 2159 1275 2238 debet,
1299 2158 1384 2224 unde
1408 2156 1505 2222 simul

232 2286 342 2333 vocem
367 2267 475 2349 φερνή
501 2267 649 2348 sumpsit.
698 2265 896 2332 Gravissima
919 2271 1027 2331 autem
1052 2283 1158 2344 causa,
1183 2283 1239 2331 cur
1261 2284 1371 2331 vocem
1396 2263 1504 2347 φερνή

234 2393 298 2439 non
322 2375 463 2439 Atticam
494 2391 691 2454 censeamus,
721 2392 760 2439 ea
788 2377 846 2453 661,
876 2373 962 2454 quod
985 2372 1199 2438 Athenienses
1227 2372 1392 2454 propriam
1422 2371 1506 2450 dotis

232 2499 343 2547 vocem
378 2485 630 2562 procreaverunt
662 2478 771 2562 προῖξ,
808 2499 903 2563 quam
931 2499 951 2545 a
978 2479 1055 2545 solis
1079 2478 1327 2546 Atheniensibus
1362 2478 1402 2544 de
1432 2478 1508 2544 dote

232 2592 424 2669 usurpatam
450 2599 520 2653 esse
544 2587 721 2654 verisimile
745 2591 805 2654 est.

342 2695 449 2760 Etiam
484 2693 587 2777 προῖξ
618 2713 715 2760 sensu
750 2694 925 2776 originario
957 2694 1097 2772 „donum
1133 2692 1329 2776 gratuitum“
1368 2696 1429 2773 est,
1466 2689 1507 2756 61.

235 2802 373 2886 Hesych.
397 2806 538 2883 προῖκα·
565 2799 708 2883 δωρεὰν,
735 2801 878 2884 φερνήν·
903 2805 973 2865 πᾶν
996 2800 1058 2884 γὰρ
1083 2798 1196 2884 δῶρον
1218 2797 1329 2883 προῖξ.
1375 2799 1429 2866 Sic
1453 2819 1506 2865 ex-

234 2915 302 2977 stat
325 2910 410 2993 apud
432 2910 608 2976 Homerum
636 2932 656 2975 ν
676 2913 715 2974 15
755 2906 922 2991 ἀργαλέον
950 2907 1012 2991 γὰρ
1037 2906 1097 2973 ἕνα
1119 2906 1263 2990 προϊκὸς
1287 2903 1506 2989 χαρίσοσῦαι.

235 3023 269 3083 61
292 3019 391 3100 ρ413
420 3015 564 3099 προϊνὸς
587 3013 769 3098 1606661161
794 3013 944 3099 Ἀχαιῶν.
990 3015 1092 3082 Simil.
1117 3016 1228 3098 ρ352,
1253 3017 1317 3078 449
1342 3013 1509 3096 προΐκτης

237 3126 455 3206 „mendicus“,
484 3125 569 3189 unda
597 3125 729 3191 verbum
758 3124 923 3190 derivatur
951 3124 1159 3206 προϊσσομαι
1180 3151 1225 3178 =
1247 3121 1412 3205 προΐκτης
1443 3121 1509 3202 alpi

235 3232 354 3298 Archil.
372 3231 520 3314 116130.
557 3231 738 3297 Transitive
753 3231 885 3313 ponitur
900 3227 1214 3312 noccopotoosodoc
1231 3229 1507 3312 ,6161161111611116

236 3338 357 3422 aliquid
368 3338 496 3405 facere“
512 3340 598 3420 apud
609 3339 728 3403 Archil.
742 3337 802 3420 116.
813 3340 865 3419 92,
878 3338 998 3405 Η61611.
1012 3338 1068 3404 III.
1084 3339 1136 3414 36,
1152 3338 1224 3418 156,
1238 3338 1276 3402 V.
1287 3337 1360 3411 105,
1374 3335 1444 3401 Vll.
1457 3338 1507 3415 17,

235 3447 334 3513 Arist.
349 3466 420 3529 equ.
436 3447 510 3527 435,
528 3446 604 3513 nub.
620 3448 715 3526 1240,
733 3465 821 3528 vesp.
837 3447 932 3527 1366,
951 3448 1046 3526 1396,
1072 3446 1199 3511 Thesm.
1217 3446 1280 3509 566
1297 3445 1329 3508 in
1346 3442 1508 3509 diuerbiis.

236 3554 385 3637 Denique
405 3554 549 3620 adverbii
565 3554 634 3619 loco
652 3554 853 3619 accusativus
869 3558 996 3636 προῖκα
1016 3554 1155 3636 ,616116“
1176 3571 1304 3619 6611611111
1320 3548 1509 3632 primarium

236 3678 363 3742 semper
386 3664 418 3727 et
433 3661 551 3743 ubique
574 3660 719 3737 retinnit,
743 3660 841 3726 etiam
857 3662 944 3742 apud
960 3661 1182 3728 Athenienses.
1216 3661 1270 3725 De
1293 3660 1385 3724 dote
1410 3654 1512 3740 προῖξ

236 3769 276 3834 ab
292 3768 409 3834 Atticis
433 3770 515 3834 adeo
540 3767 726 3852 frequenter
748 3772 934 3850 usurpatur,
958 3772 995 3833 ut
1017 3768 1149 3850 longum
1165 3767 1208 3833 sit
1224 3766 1410 3834 testimonia
1436 3783 1509 3831 con-

238 3895 360 3958 gerere.
395 3876 444 3940 Ex
459 3876 724 3958 inscriptionibus
740 3872 984 3956 Meisterhans³,
1009 3894 1040 3957 p.
1055 3876 1119 3940 210
1136 3894 1183 3940 nr.
1197 3876 1240 3939 30
1263 3874 1351 3940 16666
1367 3872 1508 3953 collegit.

239 3982 440 4066 Thucydides
463 4002 567 4066 neque
591 4002 699 4049 vocem
723 4002 826 4065 neque
849 3984 1011 4048 notionem
1029 3983 1113 4049 dotis
1130 3982 1268 4064 exhibet,
1292 3981 1385 4047 Plato
1409 3975 1512 4062 προῖξ

235 4090 334 4173 1666.
354 4091 392 4157 V.
410 4089 522 4172 7420,
547 4090 601 4157 lll.
624 4089 735 4173 7740,
758 4090 831 4156 XII.
854 4090 970 4171 944A,
1000 4096 1146 4157 oratores
1170 4089 1279 4154 multis
1307 4088 1402 4162 locis,
1431 4086 1509 4151 item

236 4199 348 4264 comici
384 4202 512 4279 poetae.
565 4196 687 4263 Contra
722 4198 808 4278 apud
843 4197 1044 4280 Aeschylum,
1081 4197 1281 4279 Sophoclem,
1317 4193 1506 4275 Euripidem

236 4303 339 4387 προῖξ
362 4303 461 4386 „dos“
485 4323 548 4370 non
573 4308 670 4370 extat.
709 4305 804 4386 Apud
826 4305 1023 4371 recentiores
1046 4324 1107 4371 von
1130 4304 1236 4370 rarior
1260 4306 1319 4383 661,
1343 4301 1506 4382 reperitur

237 4430 263 4477 e.
287 4431 333 4493 gr.
354 4412 434 4495 Pap.
450 4411 557 4479 Berol.
574 4411 622 4476 111
639 4413 713 4478 970.
741 4413 862 4479 11.14.
883 4413 923 4476 16
948 4417 1022 4496 (661.
1039 4410 1210 4495 προοῖκο).
1250 4411 1351 4476 Extra
1366 4407 1508 4475 Atticam

236 4516 338 4600 προῖξ
359 4518 466 4585 dotem
490 4517 675 4602 significans
698 4535 804 4600 neque
828 4522 916 4600 apud
939 4521 1114 4602 scriptores
1130 4538 1234 4602 neque
1258 4518 1291 4584 in
1306 4517 1412 4584 titulis
1428 4515 1508 4597 1661-
