3128 5064
739 269 958 336 -14-

214 471 285 519 cum
317 453 369 519 his
403 450 511 519 verbis
545 450 661 531 inesse,
698 449 736 517 ci.
762 450 883 534 Nauck,
918 455 1002 533 trag.
1028 449 1140 516 Graec.
1164 447 1246 530 ng)
1276 449 1389 531 adesp.
1416 448 1497 516 348.

214 558 334 641 δέλτος
362 561 460 627 etiam
487 559 521 625 in
548 559 783 626 recentioribus
808 558 1050 642 epigrammatis
1073 557 1160 623 baud
1184 576 1259 624 raro
1282 556 1418 641 legitur,
1457 555 1497 622 ci.

213 668 355 736 Kaibelii
379 669 481 751 epigr.
500 667 613 734 Graec.
630 667 727 733 index
750 687 780 749 p.
801 669 874 732 614.

320 777 414 858 Apud
448 775 623 857 scriptores
659 794 749 841 vere
773 776 928 841 Atticos
963 774 1069 856 quinti
1093 778 1127 839 et
1149 774 1257 856 quarti
1281 773 1407 851 saeculi
1434 793 1498 839 vox

213 904 276 952 non
310 883 485 966 reperitur;
520 882 681 948 Axiocbus
716 883 801 950 enim
836 883 921 967 (vide
945 880 1042 965 infra)
1076 881 1147 947 iure
1182 881 1356 947 recentiori
1388 881 1496 947 aetati

214 991 417 1068 attribuitur,
442 991 543 1056 Attici
564 991 715 1056 dicebant
731 975 973 1074 νρομμοτεῖω,
998 987 1037 1055 of.
1054 988 1134 1055 Poll.
1153 989 1208 1055 IV.
1226 990 1266 1054 18
1284 989 1370 1071 apud
1386 988 1495 1055 Piers.

214 1099 314 1168 Moer.
340 1119 414 1182 app.
438 1119 469 1182 p.
488 1101 563 1165 448.

321 1207 414 1289 Apud
449 1207 563 1273 Iones
598 1207 678 1272 haec
713 1206 800 1273 vocis
836 1207 983 1288 exempla
1018 1209 1144 1271 extant:
1184 1203 1304 1271 Herod.
1328 1203 1401 1270 VII.
1429 1205 1496 1270 289

216 1311 348 1380 δελτίον
373 1312 546 1396 δίπτυχον,
581 1313 668 1380 VIII.
690 1314 751 1378 135
775 1312 838 1396 τὴν
862 1312 1028 1395 ἐφέροντο
1053 1308 1183 1392 δέλτον,
1218 1312 1360 1379 Herond.
1374 1311 1434 1377 III.
1456 1313 1496 1376 14

214 1421 255 1505 κή
280 1421 343 1505 μέν
374 1420 519 1487 τάλαινα
543 1417 672 1502 δέλτος,
706 1419 750 1504 ἣν
773 1420 839 1503 ἐγὼ
863 1421 983 1503 κάμνω
1008 1427 1013 1501 l
1037 1420 1175 1502 appodo'
1202 1419 1346 1485 ἑκάστου
1370 1419 1495 1502 μηνός,

215 1527 350 1611 ὀρφανὴ
374 1533 491 1595 κεῖται.
528 1526 566 1592 In
590 1528 690 1610 epicis
715 1527 909 1593 carminibus
933 1548 994 1594 vox
1017 1547 1079 1594 non
1109 1527 1204 1593 obvia
1228 1533 1358 1609 praeter
1375 1528 1495 1593 Batra-

216 1635 389 1719 chomyom.
414 1656 442 1701 v.
461 1637 479 1700 3
505 1633 633 1717 ἀοιδῆς,
657 1633 700 1717 ἣν
723 1636 803 1700 νέον
826 1634 863 1699 έν
887 1632 1103 1702 δέλτοισιν..
1123 1689 1129 1703 .
1148 1632 1268 1717 inqua.

322 1743 402 1808 Turn
439 1741 590 1825 frequens
630 1749 679 1808 est
718 1743 750 1808 in
790 1742 923 1823 lingua
963 1742 1197 1825 communi1),
1242 1760 1337 1825 quam
1375 1740 1497 1824 κοινὴν

216 1849 322 1914 solent
351 1849 467 1915 dicere.
516 1841 613 1914 Ouius
646 1849 792 1932 exempla
815 1849 946 1914 minime
969 1851 1260 1931 praetermittenda
1288 1850 1380 1916 nobis
1405 1854 1497 1929 sunt,

215 1955 393 2039 permultas
428 1974 522 2021 voces
556 1955 683 2022 Ionicas
720 1957 881 2039 recepisse
916 1965 1008 2023 const
1029 1962 1053 2022 t.
1111 1958 1241 2024 Aniooh.
1267 1976 1298 2039 p.
1321 1957 1430 2022 371n
1458 1955 1499 2021 ἐκ

216 2065 319 2127 τινῶν
350 2060 507 2144 χαλκέων
541 2060 680 2143 δέλτων,
718 2061 759 2144 ἃς
794 2062 830 2145 ἐξ
869 2061 1103 2148 Ὑπερβορέων
1137 2065 1299 2148 ἐκόμισαν
1322 2061 1423 2145 'daug
1458 2082 1498 2128 τε

216 2170 272 2235 καὶ
290 2167 460 2253 Ἑκαέργῃ.
495 2170 606 2253 Polyb.
624 2173 675 2238 29.
697 2176 746 2236 ll.
764 2175 794 2249 2,
817 2172 914 2237 Lxx.
932 2172 1031 2238 Maec.
1049 2172 1073 2240 I.
1092 2176 1120 2238 8.
1140 2175 1192 2254 22,
1220 2176 1270 2240 14.
1293 2174 1341 2253 18,
1368 2173 1422 2237 27.
1440 2173 1497 2253 48,

217 2296 291 2360 pap.
317 2277 422 2343 Berol.
444 2276 469 2343 Ι.
497 2278 570 2341 113.
597 2279 636 2342 13
661 2278 747 2362 (vide
770 2278 869 2361 add),
900 2280 974 2346 265.
1000 2283 1052 2361 21,
1076 2279 1133 2345 ΙΠ.
1157 2282 1231 2347 780.
1259 2283 1310 2361 15,
1336 2279 1499 2345 accedunt

216 2384 279 2451 loci
302 2385 478 2458 Plutarchi,
504 2385 648 2470 Iuniani,
674 2387 714 2453 al.
731 2387 896 2469 permulti.
934 2387 1016 2454 Usui
1040 2388 1217 2454 communis
1240 2388 1371 2471 liuguae
1396 2386 1499 2452 etiam

217 2492 281 2557 loci
305 2492 338 2556 in
362 2496 557 2558 testamento
581 2491 759 2573 Epictetae,
783 2494 807 2559 I.
831 2494 869 2560 G.
892 2495 951 2559 ins.
974 2513 1054 2560 mar.
1072 2494 1224 2577 Aeg.III.
1243 2494 1344 2560 3301.
1371 2494 1438 2558 276
1464 2498 1501 2559 et

221 2599 286 2662 281
324 2597 526 2663 adscribendi
562 2603 647 2680 sunt,
684 2600 772 2666 cuius
807 2600 894 2666 tituli
931 2619 1013 2666 anno
1037 2600 1105 2668 fere
1130 2603 1194 2669 200
1217 2602 1312 2668 incisi
1335 2601 1500 2667 dialectos

222 2725 286 2773 non
321 2725 411 2773 mera
434 2705 531 2771 Doris
555 2710 614 2786 est,
649 2708 705 2772 sed
733 2708 844 2791 lingua
868 2709 1042 2774 communis
1067 2706 1291 2791 δωριάζουσα.
1339 2709 1500 2774 Omnibus

223 2815 283 2890 his,
321 2831 400 2896 quos
424 2812 603 2897 attulimus,
638 2814 717 2880 locis
741 2812 860 2896 δέλτος
883 2817 995 2882 tabula
1019 2818 1200 2898 scriptoria,
1236 2835 1393 2900 nusquam
1418 2835 1499 2882 vero

221 2921 356 3003 simplex
379 2919 491 2986 tabula
515 2926 573 2986 est.

329 3026 375 3092 Er
409 3027 544 3110 reliquis
580 3028 727 3096 dialectis
757 3027 876 3112 Cypria
909 3031 1047 3112 praebet
1079 3049 1188 3097 vocem
1224 3029 1350 3110 δάλτος
1383 3031 1501 3096 eodem

221 3152 317 3200 sensu
341 3135 374 3198 in
398 3135 509 3201 tabula
534 3135 701 3202 Edaliensi
725 3135 811 3202 G-B.
837 3138 992 3205 16026
1021 3135 1072 3203 ἰδὲ
1094 3136 1183 3225 adiu)
1208 3135 1334 3203 δάλτον
1356 3135 1499 3223 τά(ν)δε,

222 3238 264 3304 τὰ
286 3241 401 3329 fe'cuq'o
423 3240 505 3307 τάδε
540 3241 796 3326 ῑναλαλισμένα,
831 3243 991 3328 βασιλεὺς
1024 3244 1088 3325 κάς
1116 3243 1281 3327 ἀπτδλις
1307 3241 1498 3331 κατέδραν.

222 3348 366 3430 Denique
391 3349 521 3415 dialecti
536 3351 635 3416 Eleae
658 3358 785 3418 restant
808 3353 870 3419 duo
887 3353 1073 3418 testimonia
1088 3353 1183 3417 nimis
1199 3353 1332 3433 incerta,
1357 3352 1500 3433 primum

222 3455 349 3536 quidem
366 3456 399 3520 in
415 3454 594 3539 fragmento
607 3459 739 3525 tabulae
752 3478 881 3539 aeneae,
898 3460 993 3525 inscr.
1009 3459 1132 3541 Olymp.
1148 3460 1190 3524 20
1207 3457 1296 3544 (G-B.
1312 3458 1336 3524 Ι.
1353 3458 1448 3525 1163.
1464 3458 1500 3540 4)

223 3610 252 3626 ..
268 3611 275 3627 .
289 3560 440 3629 111110.
456 3614 463 3630 .
486 3567 571 3648 quod
587 3585 606 3629 a
622 3566 757 3633 Roehlio
774 3571 847 3645 το]ι
863 3565 993 3646 δέλτ[οι
1010 3568 1198 3649 explicatur,
1224 3567 1280 3633 sed
1297 3566 1410 3632 eodem
1426 3566 1500 3632 iure

222 3670 318 3735 aliter
341 3691 467 3755 quoque
491 3674 653 3757 explicare
676 3674 764 3742 licet.
804 3674 950 3741 Alterum
973 3675 1094 3758 legitur
1117 3675 1176 3741 sub
1200 3672 1264 3740 fine
1286 3672 1375 3737 tituli
1398 3673 1500 3737 medii

223 3778 343 3843 saeculi
366 3779 482 3861 quarti,
506 3799 600 3863 quem
624 3780 752 3863 Szanto,
777 3780 982 3848 Jabresbeite
1007 3782 1063 3848 des
1079 3780 1294 3849 Oesterreicb.
1312 3777 1397 3843 arch.
1415 3778 1498 3847 Inst.

222 3883 239 3949 Ι
261 3904 291 3967 p.
311 3888 371 3949 191
386 3906 455 3970 sqq.
479 3888 601 3971 publici
624 3889 705 3954 iuris
729 3888 819 3955 lecit:
849 3888 884 3952 αλ
907 3886 944 3953 δέ
960 3907 1010 3970 τις
1026 3886 1257 3954 δδεαλτώλαιε
1279 3885 1411 3972 (Szanto
1428 3886 1501 3950 -boc

223 3989 297 4074 έ(ν))
320 3993 503 4076 ταστάλαν,
539 3995 589 4078 ὠρ
614 3992 916 4079 ἀγαλματοφώραν
941 3995 1042 4061 έόντα
1065 3996 1209 4079 πάσχον.
1255 3995 1396 4061 Verbum
1423 3989 1500 4059 ἀδε-

224 4096 339 4164 αλτόω
374 4102 472 4168 variis
506 4104 609 4169 modis
644 4122 663 4168 a
698 4104 777 4170 viris
812 4105 916 4171 doctis
952 4104 1145 4186 explicatum
1180 4108 1244 4187 est,
1286 4100 1325 4169 ci.
1360 4102 1500 4168 maxime

222 4206 415 4275 Danielsson
450 4210 482 4274 in
512 4209 611 4277 Erani
645 4212 707 4277 vol.
725 4211 774 4277 lIl
795 4231 826 4294 p.
847 4213 910 4277 146
922 4231 968 4294 sq.
994 4216 1027 4279 et
1051 4211 1195 4278 Solmsen
1220 4210 1302 4276 Mus.
1326 4209 1429 4276 Rhen.
1455 4211 1498 4274 59

223 4333 254 4396 p.
275 4317 336 4380 169
360 4323 426 4383 not.
461 4317 508 4383 Ex
532 4319 582 4404 iis,
608 4337 691 4402 quae
715 4320 755 4385 ab
771 4320 822 4385 hIs
839 4320 919 4386 viris
936 4320 1039 4386 doctis
1056 4320 1221 4402 disputata
1238 4323 1321 4401 sunt,
1346 4315 1499 4405 efficitur,

225 4459 437 4470 ——

331 4547 352 4619 ¹)
370 4548 404 4602 cf.
424 4547 538 4619 Thumb,
557 4548 601 4604 die
620 4549 722 4619 griech.
742 4549 872 4621 Spraehe,
890 4567 917 4620 p.
932 4553 992 4605 111.
