3188 5062
711 1244 836 1328 Caput
857 1245 883 1311 Ι.

368 1407 439 1481 ΒΕ
468 1404 693 1483 VOOIBUS
720 1404 987 1481 AESOHYLI
1015 1404 1221 1482 IONIOIS.

263 1584 443 1666 Aliquando
460 1585 601 1651 Atticam
626 1590 659 1651 et
682 1586 823 1651 Ionicam
844 1583 1016 1649 dialectum
1037 1585 1138 1650 multo
1160 1584 1265 1651 minus
1287 1584 1430 1651 diversas

157 1691 256 1757 luisse
272 1711 367 1773 quam
383 1692 438 1758 VI.
455 1699 489 1759 et
504 1693 541 1759 V.
556 1693 703 1773 saeculis,
722 1693 909 1774 priusquam
925 1690 1019 1757 Iones
1036 1691 1069 1756 in
1085 1690 1196 1757 Asiam
1211 1692 1428 1772 transiissent,

157 1798 243 1862 inter
277 1817 386 1866 omnes
423 1801 560 1867 constat.
609 1800 688 1866 Tum
723 1805 869 1881 tempore
904 1799 1100 1880 procedente
1135 1799 1239 1881 magis
1262 1800 1429 1882 magisque

158 1905 262 1968 altera
295 1906 336 1970 ab
371 1908 475 1973 altera
507 1906 692 1973 abalienata
715 1925 791 1973 suas
814 1911 952 1987 utraque
975 1906 1044 1971 vias
1068 1911 1239 1987 persecuta
1262 1911 1321 1988 est,
1358 1923 1429 1971 cum

46 2058 49 2065 ·
157 2012 245 2078 vario
274 2015 368 2080 modo
397 2021 454 2080 aut
488 2016 621 2097 prisca
655 2015 880 2081 retinerent
915 2017 972 2077 aut
1007 2031 1102 2078 nova
1137 2013 1345 2096 fingerent.
1391 2013 1428 2078 In

158 2120 303 2188 omnibus
327 2127 436 2188 autem
459 2123 576 2205 verbis,
613 2141 695 2206 qnae
719 2123 845 2205 priscae
868 2121 1000 2201 linguae
1024 2120 1232 2186 attribuenda
1255 2127 1340 2201 sunt,
1377 2139 1429 2186 res

157 2226 280 2293 incerta
303 2237 420 2311 manet,
457 2235 574 2312 utrum,
604 2231 632 2297 si
656 2231 689 2296 in
713 2230 882 2313 tragoedia
906 2232 1087 2309 occurrunt,
1124 2228 1232 2294 Attica
1256 2247 1296 2293 au
1320 2228 1429 2293 Ionica

157 2334 305 2401 habenda
339 2339 413 2404 sint.
467 2338 624 2403 Fontibus
660 2340 744 2404 enim
774 2337 962 2420 aequalibus
992 2336 1179 2416 tragoediae
1204 2334 1428 2402 deficientibus

158 2459 271 2508 eruere
294 2463 357 2509 non
382 2464 562 2526 possumus,
587 2464 650 2528 qua
674 2463 820 2529 quaeque
840 2464 900 2509 vox
925 2448 1033 2509 aetate
1057 2443 1089 2508 in
1106 2443 1215 2509 Attica
1236 2443 1430 2510 obsoleverit

159 2555 214 2614 aut
238 2551 413 2617 evanuerit.
468 2552 555 2617 Fieri
579 2553 695 2634 potuit,
731 2557 768 2617 ut
802 2571 862 2616 vox
897 2550 983 2631 apud
1017 2551 1111 2616 Iones
1147 2570 1273 2632 semper
1306 2551 1429 2616 usitata

156 2655 292 2721 Athenis
328 2677 412 2723 anno
442 2661 507 2724 500
543 2661 711 2726 etiamtum
746 2660 780 2724 in
807 2676 868 2724 usu
897 2664 993 2739 esset,
1030 2658 1238 2741 quambrevi
1262 2657 1429 2723 evanidam

157 2765 242 2845 apud
266 2766 390 2831 Atticos
415 2766 589 2848 scriptores
613 2769 649 2832 V.
676 2772 709 2833 et
732 2768 786 2833 IV.
810 2784 893 2832 saec.
919 2764 1042 2831 frustra
1066 2783 1212 2847 quaeras.
1250 2766 1354 2830 Aliter
1376 2783 1429 2830 res

157 2890 191 2936 se
215 2871 313 2937 habet
336 2873 375 2937 de
399 2873 449 2954 iis,
475 2893 556 2957 quae
577 2875 611 2940 in
631 2879 768 2957 utraque
785 2874 923 2940 dialecto
940 2879 1058 2939 novata
1074 2876 1159 2938 sunt.
1196 2872 1336 2951 Quorum
1352 2891 1428 2954 pars

156 2979 203 3043 ita
227 2978 425 3046 conformata
449 2987 507 3057 est,
543 2987 580 3047 ut
607 2982 674 3047 utri
698 2981 836 3049 dialecto
860 2981 1031 3064 originitus
1055 2979 1228 3045 tribuenda
1251 2980 1317 3046 sint
1341 2985 1428 3045 certo

157 3092 346 3167 argumento
372 3089 501 3154 decerni
525 3094 674 3172 nequeat.
710 3088 793 3155 Sunt
816 3108 892 3155 vero
918 3088 1026 3169 etiam,
1052 3106 1134 3170 qnae
1158 3093 1273 3170 aperta
1296 3087 1429 3170 originis

158 3193 250 3274 signa
266 3213 344 3275 prae
361 3213 396 3262 se
412 3195 529 3276 ierant,
554 3198 621 3263 sive
644 3196 768 3262 forma
788 3194 1001 3276 habituque
1018 3194 1233 3276 exteriore,
1259 3193 1429 3275 dequibus

158 3318 256 3381 supra
290 3301 353 3367 iam
389 3304 468 3370 satis
498 3309 605 3370 actum
629 3309 688 3385 est,
725 3298 852 3370 sive‘vi
876 3320 917 3367 ao
941 3301 1261 3385 significatione3
1297 3301 1430 3365 tertium

158 3407 318 3488 quoddam
342 3427 443 3491 genus
461 3416 511 3476 est
527 3429 637 3476 eorum
653 3410 891 3490 vocabulorum,
917 3428 1000 3491 quae
1017 3429 1055 3474 ex
1070 3408 1294 3491 peregrinis
1311 3407 1430 3489 linguis

159 3518 290 3593 recepta
313 3522 396 3581 sunt.
446 3517 537 3582 Talia
559 3517 617 3582 ubi
639 3519 672 3582 in
697 3519 866 3601 tragoedia
891 3521 1072 3599 occurrunt,
1108 3535 1167 3600 per
1190 3516 1284 3582 Iones
1308 3515 1431 3581 tradita

159 3638 230 3684 esse
262 3624 405 3702 putanda
440 3630 524 3708 sunt,
559 3625 718 3708 siquidem
753 3645 792 3690 ex
826 3625 960 3691 orientis
984 3625 1103 3707 linguis
1128 3624 1264 3690 oriunda
1288 3628 1321 3689 et
1344 3623 1431 3705 apud

158 3725 253 3794 Iones
276 3729 398 3795 usitata
421 3730 549 3796 Atticae
575 3733 797 3798 consuetudini
821 3733 946 3798 desunt.
990 3733 1128 3798 Restant
1151 3750 1208 3797 eae
1231 3749 1336 3812 uoces,
1361 3731 1431 3814 qui-

161 3834 220 3899 bus
254 3854 315 3900 usu
348 3835 510 3920 frequenti
545 3839 642 3922 plane
676 3858 759 3905 nova
794 3846 827 3906 et
855 3839 1028 3922 singularis
1053 3837 1244 3920 significatio
1270 3837 1346 3902 data
1370 3844 1429 3917 est,

161 3961 256 4023 quam
291 3944 393 4009 eidem
428 3946 499 4011 uoci
533 3947 630 4029 plane
654 3947 767 4013 eadem
790 3947 917 4013 ratione
941 3947 991 4012 bis
1015 3946 1149 4013 secretis
1172 3946 1252 4012 locis
1271 3945 1430 4010 tributam

162 4067 233 4114 esse
257 4051 409 4116 credibile
432 4072 496 4119 non
521 4058 579 4119 est.
615 4055 713 4120 Velut
734 4053 837 4136 προῖξ
858 4055 990 4122 Graecis
1015 4074 1108 4121 omne
1131 4054 1248 4120 donum
1269 4058 1328 4135 est,
1354 4054 1431 4120 solis

161 4156 411 4227 Atheniensibus
435 4158 485 4244 (cf.
509 4180 541 4243 p.
558 4160 613 4244 37)
637 4165 759 4227 certum
782 4162 942 4244 quoddam
966 4162 1041 4228 doni
1065 4179 1176 4246 genus,
1207 4161 1292 4243 qnod
1315 4160 1431 4227 Latine

162 4263 220 4329 dos
255 4273 395 4334 vocatur.
443 4266 594 4350 εὐφρόνη
620 4269 761 4351 Graecis,
798 4268 826 4336 si
855 4288 933 4336 voce
961 4269 1089 4335 omnino
1113 4273 1258 4348 utuntur,
1296 4269 1431 4350 „mulier

162 4370 374 4439 benevolens“
400 4378 461 4457 est,
485 4375 556 4457 ipsa
579 4396 642 4442 nox
666 4376 743 4447 solis
765 4377 907 4443 Ionibus.
945 4375 1150 4460 ἀμφιλαφής
1164 4395 1272 4443 vocem
1288 4377 1431 4443 Ionioam

164 4497 234 4548 esse
258 4499 321 4546 non
344 4486 411 4548 tam
435 4501 473 4549 eo
498 4484 734 4568 comprobatur,
758 4485 843 4568 quod
866 4486 952 4568 apud
968 4484 1142 4570 scriptores
1158 4485 1285 4553 Ionicos
1301 4486 1431 4569 potissi·
