3188 5062
690 264 887 327 ..9-

260 442 379 509 Verum
406 445 513 509 tamen
538 460 599 509 non
624 443 704 510 satis
729 448 779 511 est
801 462 951 510 sonorum
975 443 1133 511 rationem
1156 443 1317 513 habuisse.
1363 443 1426 512 Ne·

156 571 217 634 que
247 552 332 617 enim
360 553 447 618 sonis
475 552 553 618 solis
581 552 666 618 inter
690 571 725 619 se
749 551 901 618 differunt
924 553 1064 637 dialecti,
1100 555 1157 620 sed
1179 556 1278 621 uerba
1301 574 1428 638 quoqne

159 659 392 742 verborumque
416 658 669 742 significationes
693 660 765 726 aliis
789 662 853 726 alia
877 661 1023 728 dialectis
1046 663 1178 744 propria
1195 667 1278 727 sunt.
1316 662 1430 744 Itaque

156 767 337 849 quaeritur,
374 786 450 832 num
484 768 516 832 in
551 769 722 835 uerborum
758 787 883 852 quoque
919 769 1024 850 capla,
1065 786 1128 851 qua
1163 775 1278 850 poetae
1313 768 1429 850 tragici

155 880 305 956 utuntur,
345 875 480 941 aliarum
518 876 655 960 uestigia
697 876 907 943 dialectcrum
952 877 1106 960 indagare
1152 876 1256 942 liceat.
1327 877 1428 956 Quam

158 983 380 1067 quaestionem
419 983 476 1049 illa
511 985 640 1068 quidem
674 985 775 1051 multo
810 983 1045 1051 intricationem
1083 1002 1140 1050 nee
1179 988 1287 1050 tamen
1325 985 1429 1050 minus

158 1092 372 1158 necessariam
403 1092 526 1175 primus
557 1093 659 1160 movit
688 1091 1014 1175 Rutherfordius,
1051 1093 1107 1159 the
1130 1111 1199 1159 new
1221 1091 1430 1176 Phrynichus,

158 1200 293 1266 London
322 1201 415 1282 1881,
440 1221 470 1283 p.
491 1203 596 1266 1-31
623 1207 656 1267 ct
681 1200 855 1284 32-521).

265 1308 355 1374 Vidit
377 1309 427 1374 vir
448 1308 504 1373 ille
529 1309 734 1375 doctissimus
755 1310 788 1374 in
801 1309 933 1390 Atticae
950 1308 1136 1391 tragoediae
1153 1327 1299 1375 sermone
1314 1308 1432 1373 multas

160 1433 253 1481 voces
277 1415 416 1483 usitatas
438 1434 518 1497 esse,
544 1418 659 1500 quibus
675 1417 860 1484 Herodotus
880 1416 930 1482 uti
947 1415 1051 1482 soleat
1067 1434 1170 1498 neque
1187 1434 1242 1482 aas
1258 1416 1432 1498 scriptores

160 1523 349 1605 praebeant,
375 1523 429 1606 qui
452 1542 553 1605 purae
576 1524 716 1591 Atthidis
741 1529 841 1591 testes
865 1524 1004 1590 habendi
1029 1531 1112 1591 sunt.
1157 1524 1298 1603 Quarum
1320 1542 1433 1588 uocum

161 1648 232 1695 cnm
256 1631 344 1711 duas,
371 1629 455 1714 ἀκτή
473 1637 506 1696 et
530 1630 662 1715 ζωστήρ
679 1633 851 1715 aliqnando
868 1632 993 1698 Atticas
1009 1630 1109 1698 inisse
1130 1650 1167 1697 eo
1185 1630 1434 1713 comprobasset,

162 1739 247 1820 quod
263 1739 371 1804 AttIca
394 1737 465 1804 loca
488 1739 538 1804 his
562 1741 745 1806 nominibus
762 1741 1013 1823 appellarentur,
1031 1739 1116 1804 idem
1137 1740 1176 1805 de
1194 1734 1311 1804 ceterIs
1327 1738 1435 1803 valere

163 1846 288 1911 statuit.
335 1845 382 1910 En
405 1846 465 1912 hoc
488 1847 589 1928 igitur
612 1865 769 1913 consensu
794 1848 952 1914 Herodoti
976 1854 1009 1913 et
1032 1847 1228 1929 tragicorum
1253 1847 1345 1928 quasi
1370 1846 1435 1911 elu-

164 1973 236 2020 cere
271 1954 396 2037 copiam
425 1954 596 2020 uerborum
630 1955 757 2037 priscae
780 1955 924 2021 Atthidis
956 1974 1065 2021 eorum
1089 1960 1284 2036 temporum,
1321 1951 1436 2035 quibus
1500 1940 1503 1945 ⁴

163 2061 332 2145 tragoedia
358 2061 497 2143 primum
525 2062 558 2127 in
582 2080 732 2128 scaenam
755 2064 941 2146 prodiisset,
980 2064 1000 2128 i.
1026 2080 1053 2128 e.
1071 2061 1125 2128 Vl.
1149 2061 1216 2127 fere
1240 2061 1360 2128 saeculi
1385 2079 1437 2124 ex·

165 2171 287 2250 enutis3
333 2170 429 2235 huius
467 2170 552 2244 enirn
591 2172 709 2237 aetatis
748 2190 926 2237 sermonem
966 2170 1208 2237 Atheniensium
1246 2167 1437 2256 familiarem

164 2276 407 2343 fundamentum
431 2297 502 2344 esse
526 2278 675 2344 dictionis
699 2280 853 2359 tragicae.
893 2279 1037 2343 Primum
1058 2282 1091 2345 at
1106 2278 1244 2343 alterum
1260 2275 1440 2342 rectissime

167 2385 283 2451 statuit
316 2385 365 2451 vir
399 2385 455 2450 ille
491 2387 704 2453 doctissimus.
757 2387 877 2453 Tamen
911 2405 1129 2469 praepropere
1155 2386 1271 2468 pedem
1294 2381 1440 2466 protulit.

168 2493 260 2558 Licet
288 2493 372 2558 enim
396 2493 466 2559 inre
489 2492 588 2559 verba
616 2495 740 2577 aliquot
763 2496 849 2576 apud
872 2495 1014 2575 tragicos
1039 2494 1142 2560 solnm
1164 2491 1323 2575 Ionesque
1347 2490 1442 2555 obvia

169 2600 294 2682 prIscae
316 2600 442 2666 Atthidi
466 2602 661 2682 tribuantur,
698 2604 850 2668 statimne
875 2602 1030 2685 seqnitur,
1062 2611 1099 2667 nt
1121 2603 1206 2690 idern
1230 2601 1270 2665 de
1294 2598 1440 2664 omnibus

168 2708 263 2774 huius
299 2709 426 2790 generis
454 2709 618 2776 vocabulis
648 2710 853 2775 indIcandum
882 2710 947 2775 sit?
993 2710 1084 2789 Quod
1107 2728 1148 2774 ne
1171 2705 1367 2773 affirmemus
1391 2702 1442 2769 vel

169 2815 201 2880 id
219 2816 335 2897 obstat,
361 2818 456 2898 quod,
479 2824 515 2882 ut
530 2822 627 2882 antea
643 2817 790 2897 vidimus,
816 2817 948 2881 mixtam
964 2834 1003 2880 en
1019 2816 1216 2883 diversarum
1233 2815 1443 2881 dialectornm

170 2923 337 2989 elementis
373 2942 486 2989 revera
517 2943 588 2990 esse
617 2925 814 3008 tragicorum
842 2943 1021 2991 sermonem
1047 2942 1195 2990 sonorum
1220 2920 1443 2988 observatione

171 3030 338 3096 evincitur.

279 3138 459 3217 Quaerendi
482 3139 576 3217 uiam,
612 3158 706 3223 qnam
730 3141 892 3205 munierat
914 3137 1119 3215 Ruthcrford
1156 3155 1279 3202 summa
1304 3155 1374 3201 cum
1397 3134 1444 3198 in·

172 3245 297 3312 dustria
319 3251 508 3327 persecutns
532 3247 565 3312 in
582 3248 776 3315 sententiam
791 3248 887 3329 plane
904 3247 1099 3312 contrariam
1116 3244 1198 3310 abiit
1209 3243 1443 3321 Wittekind,

172 3354 227 3434 qui
251 3354 283 3417 in
308 3352 536 3418 dissertatione
557 3373 655 3435 snpra
678 3358 927 3420 commemorata
942 3354 1137 3419 uberrimam
1153 3352 1314 3434 congessit
1329 3349 1445 3415 molem

173 3462 357 3542 verborum,
398 3480 481 3543 quae
520 3463 699 3528 communia
738 3468 813 3527 sunt
847 3462 1059 3543 scriptoribus
1094 3460 1211 3526 Ionicis
1250 3458 1446 3540 tragicisque

174 3569 279 3651 poetIs
302 3588 361 3634 nec
384 3575 492 3634 tamen
517 3570 602 3651 apud
626 3570 803 3653 scriptores
827 3589 903 3636 vere
921 3569 1046 3634 Atticos
1069 3568 1230 3648 leguntur.
1270 3565 1339 3644 Qua
1358 3565 1391 3629 in
1411 3581 1447 3628 re

174 3676 336 3741 Atticismi
359 3677 451 3759 qnasi
474 3697 619 3743 normam
643 3696 714 3743 esse
737 3679 839 3744 voluit
862 3678 1030 3742 Platonem
1054 3681 1087 3741 et
1110 3675 1295 3753 Isocratem,
1319 3672 1448 3738 Ionicae

175 3784 306 3850 dialecti
339 3789 440 3851 testes
469 3786 672 3867 potissimum
701 3786 848 3852 adhibuit
871 3785 1071 3850 Herodotum
1101 3789 1133 3848 et
1157 3783 1397 3864 Hippocratem,
1432 3798 1449 3843 e

174 3891 370 3972 tragicorum
394 3898 501 3959 autern
524 3913 656 3961 numero
681 3931 722 3942 -
746 3893 779 3960 id
803 3894 888 3976 quod
912 3912 990 3960 sane
1013 3893 1131 3956 mirere
1155 3926 1198 3938 -
1223 3908 1286 3955 non
1307 3887 1448 3969 Aeschy-

175 3999 252 4079 lum,
288 4000 345 4065 sed
376 3999 566 4082 Sophoclem
594 4002 691 4084 qnasi.
716 4001 880 4084 exemplar
909 4001 1018 4082 elegit.
1064 3999 1156 4064 Hanc
1183 3994 1450 4062 autemnocabu·

175 4106 280 4172 lorum
316 4109 496 4191 congeriem
531 4114 633 4175 totam
660 4109 789 4175 Ionicae
818 4108 952 4190 originis
982 4125 1052 4174 esse
1076 4106 1138 4172 sibi
1161 4103 1333 4187 persuasit.
1379 4102 1450 4167 Etsi

285 4411 309 4482 ¹)
336 4411 421 4465 vertit
437 4410 596 4467 Germanice
615 4409 718 4475 aanor,
737 4409 870 4467 Fleckeis.
890 4407 985 4463 Jahrb.
1005 4407 1023 4462 l.
1037 4405 1136 4462 Philol.
1168 4404 1261 4475 Suppl.
1275 4403 1354 4473 XIII,
1376 4405 1452 4473 1884,

178 4517 204 4574 p.
218 4502 367 4559 noa-399.
