<?xml version="1.0" encoding="UTF-8"?>
<!DOCTYPE html PUBLIC "-//W3C//DTD XHTML 1.0 Transitional//EN"
    "http://www.w3.org/TR/xhtml1/DTD/xhtml1-transitional.dtd">
<html xmlns="http://www.w3.org/1999/xhtml" xml:lang="en" lang="en">
 <head>
  <title>
</title>
<meta http-equiv="Content-Type" content="text/html;charset=utf-8" />
  <meta name='ocr-system' content='tesseract 3.04.00' />
  <meta name='ocr-capabilities' content='ocr_page ocr_carea ocr_par ocr_line ocrx_word'/>
</head>
<body>
  <div class='ocr_page' id='page_1' title='image "./deaeschylicopia00alygoog_0034.png"; bbox 0 0 3188 5062; ppageno 0'>
   <div class='ocr_carea' id='block_1_1' title="bbox 628 269 849 340">
    <p class='ocr_par' dir='ltr' id='par_1_1' title="bbox 628 269 849 340">
     <span class='ocr_line' id='line_1_1' title="bbox 628 269 849 340; baseline 0 -16"><span class='ocrx_word' id='word_1_1' title='bbox 628 269 849 340; x_wconf 48' lang='lat'>*13-</span> 
     </span>
    </p>
   </div>
   <div class='ocr_carea' id='block_1_2' title="bbox 64 453 1381 2473">
    <p class='ocr_par' dir='ltr' id='par_1_2' title="bbox 102 453 1380 862">
     <span class='ocr_line' id='line_1_2' title="bbox 103 453 1379 537; baseline 0.004 -19"><span class='ocrx_word' id='word_1_2' title='bbox 103 473 188 519; x_wconf 91' lang='lat' dir='ltr'>mum</span> <span class='ocrx_word' id='word_1_3' title='bbox 211 453 344 536; x_wconf 89' lang='lat' dir='ltr'>legitur,</span> <span class='ocrx_word' id='word_1_4' title='bbox 369 454 426 520; x_wconf 89' lang='lat' dir='ltr'>sed</span> <span class='ocrx_word' id='word_1_5' title='bbox 449 454 535 536; x_wconf 89' lang='lat' dir='ltr'>qnod</span> <span class='ocrx_word' id='word_1_6' title='bbox 558 459 591 518; x_wconf 89' lang='lat' dir='ltr'>et</span> <span class='ocrx_word' id='word_1_7' title='bbox 615 454 647 518; x_wconf 92' lang='lat' dir='ltr'>in</span> <span class='ocrx_word' id='word_1_8' title='bbox 672 455 842 537; x_wconf 79' lang='lat' dir='ltr'>tragoedia</span> <span class='ocrx_word' id='word_1_9' title='bbox 866 459 899 519; x_wconf 88' lang='lat' dir='ltr'>et</span> <span class='ocrx_word' id='word_1_10' title='bbox 922 453 1007 537; x_wconf 92' lang='lat' dir='ltr'>apud</span> <span class='ocrx_word' id='word_1_11' title='bbox 1023 453 1116 520; x_wconf 92' lang='lat' dir='ltr'>Iones</span> <span class='ocrx_word' id='word_1_12' title='bbox 1140 473 1238 522; x_wconf 91' lang='lat' dir='ltr'>sensu</span> <span class='ocrx_word' id='word_1_13' title='bbox 1260 457 1379 524; x_wconf 86' lang='lat' dir='ltr'>detrito</span> 
     </span>
     <span class='ocr_line' id='line_1_3' title="bbox 102 560 1379 646; baseline 0.005 -21"><span class='ocrx_word' id='word_1_14' title='bbox 102 579 161 642; x_wconf 88' lang='lat' dir='ltr'>pro</span> <span class='ocrx_word' id='word_1_15' title='bbox 179 579 225 642; x_wconf 93' lang='lat' dir='ltr'>eo,</span> <span class='ocrx_word' id='word_1_16' title='bbox 246 562 332 643; x_wconf 93' lang='lat' dir='ltr'>quod</span> <span class='ocrx_word' id='word_1_17' title='bbox 349 565 399 627; x_wconf 86' lang='lat' dir='ltr'>est</span> <span class='ocrx_word' id='word_1_18' title='bbox 413 561 591 643; x_wconf 86' lang='lat' dir='ltr'>„amplus“,</span> <span class='ocrx_word' id='word_1_19' title='bbox 608 566 794 643; x_wconf 88' lang='lat' dir='ltr'>usurpatur.</span> <span class='ocrx_word' id='word_1_20' title='bbox 831 560 926 628; x_wconf 78' lang='lat' dir='ltr'>Certe</span> <span class='ocrx_word' id='word_1_21' title='bbox 942 580 1173 643; x_wconf 81' lang='lat' dir='ltr'>saepenumero</span> <span class='ocrx_word' id='word_1_22' title='bbox 1189 564 1270 630; x_wconf 92' lang='lat' dir='ltr'>haec</span> <span class='ocrx_word' id='word_1_23' title='bbox 1284 565 1379 646; x_wconf 86' lang='lat' dir='ltr'>ratio,</span> 
     </span>
     <span class='ocr_line' id='line_1_4' title="bbox 104 668 1380 754; baseline 0.002 -20"><span class='ocrx_word' id='word_1_24' title='bbox 104 668 166 734; x_wconf 86' lang='lat' dir='ltr'>etsi</span> <span class='ocrx_word' id='word_1_25' title='bbox 200 668 299 733; x_wconf 80' lang='lat' dir='ltr'><strong>fallax</strong></span> <span class='ocrx_word' id='word_1_26' title='bbox 336 687 407 735; x_wconf 94' lang='lat' dir='ltr'>esse</span> <span class='ocrx_word' id='word_1_27' title='bbox 430 674 550 753; x_wconf 89' lang='lat' dir='ltr'>potest,</span> <span class='ocrx_word' id='word_1_28' title='bbox 584 669 680 734; x_wconf 91' lang='lat' dir='ltr'>unica</span> <span class='ocrx_word' id='word_1_29' title='bbox 702 670 755 735; x_wconf 84' lang='lat' dir='ltr'>uia</span> <span class='ocrx_word' id='word_1_30' title='bbox 779 674 838 751; x_wconf 92' lang='lat' dir='ltr'>est,</span> <span class='ocrx_word' id='word_1_31' title='bbox 875 688 938 752; x_wconf 89' lang='lat' dir='ltr'>qua</span> <span class='ocrx_word' id='word_1_32' title='bbox 961 671 1183 752; x_wconf 91' lang='lat' dir='ltr'>quaestionem</span> <span class='ocrx_word' id='word_1_33' title='bbox 1207 672 1247 738; x_wconf 93' lang='lat' dir='ltr'>de</span> <span class='ocrx_word' id='word_1_34' title='bbox 1272 672 1380 754; x_wconf 87' lang='lat' dir='ltr'>singu·</span> 
     </span>
     <span class='ocr_line' id='line_1_5' title="bbox 102 776 824 862; baseline 0.006 -22"><span class='ocrx_word' id='word_1_35' title='bbox 102 776 208 841; x_wconf 91' lang='lat' dir='ltr'>larum</span> <span class='ocrx_word' id='word_1_36' title='bbox 232 795 344 862; x_wconf 84' lang='lat' dir='ltr'>yocum</span> <span class='ocrx_word' id='word_1_37' title='bbox 368 776 493 859; x_wconf 83' lang='lat' dir='ltr'>origine</span> <span class='ocrx_word' id='word_1_38' title='bbox 517 776 695 843; x_wconf 90' lang='lat' dir='ltr'>diiudicare</span> <span class='ocrx_word' id='word_1_39' title='bbox 717 777 824 845; x_wconf 89' lang='lat' dir='ltr'>liceat.</span> 
     </span>
    </p>

    <p class='ocr_par' dir='ltr' id='par_1_3' title="bbox 64 883 1381 2473">
     <span class='ocr_line' id='line_1_6' title="bbox 210 883 1379 967; baseline 0 -19"><span class='ocrx_word' id='word_1_40' title='bbox 210 885 277 948; x_wconf 93' lang='lat' dir='ltr'>Iam</span> <span class='ocrx_word' id='word_1_41' title='bbox 300 903 376 950; x_wconf 91' lang='lat' dir='ltr'>vero</span> <span class='ocrx_word' id='word_1_42' title='bbox 407 883 584 967; x_wconf 88' lang='lat' dir='ltr'>quaeritur,</span> <span class='ocrx_word' id='word_1_43' title='bbox 619 885 705 949; x_wconf 92' lang='lat' dir='ltr'>unde</span> <span class='ocrx_word' id='word_1_44' title='bbox 737 885 817 951; x_wconf 91' lang='lat' dir='ltr'>haec</span> <span class='ocrx_word' id='word_1_45' title='bbox 840 885 958 967; x_wconf 83' lang='lat' dir='ltr'>tragici</span> <span class='ocrx_word' id='word_1_46' title='bbox 982 890 1100 967; x_wconf 89' lang='lat' dir='ltr'>poetae</span> <span class='ocrx_word' id='word_1_47' title='bbox 1123 886 1222 952; x_wconf 85' lang='lat' dir='ltr'>uerba</span> <span class='ocrx_word' id='word_1_48' title='bbox 1245 886 1305 952; x_wconf 90' lang='lat' dir='ltr'>tali</span> <span class='ocrx_word' id='word_1_49' title='bbox 1326 884 1379 951; x_wconf 85' lang='lat' dir='ltr'>via</span> 
     </span>
     <span class='ocr_line' id='line_1_7' title="bbox 104 991 1379 1074; baseline 0.001 -18"><span class='ocrx_word' id='word_1_50' title='bbox 104 1009 141 1056; x_wconf 90' lang='lat' dir='ltr'>ae</span> <span class='ocrx_word' id='word_1_51' title='bbox 157 991 284 1058; x_wconf 90' lang='lat' dir='ltr'>ratione</span> <span class='ocrx_word' id='word_1_52' title='bbox 299 991 429 1058; x_wconf 87' lang='lat' dir='ltr'>Ionicae</span> <span class='ocrx_word' id='word_1_53' title='bbox 445 991 584 1058; x_wconf 88' lang='lat' dir='ltr'>dialecto</span> <span class='ocrx_word' id='word_1_54' title='bbox 599 992 763 1058; x_wconf 87' lang='lat' dir='ltr'>vindicata</span> <span class='ocrx_word' id='word_1_55' title='bbox 779 993 972 1074; x_wconf 86' lang='lat' dir='ltr'>acceperint.</span> <span class='ocrx_word' id='word_1_56' title='bbox 1009 992 1153 1058; x_wconf 88' lang='lat' dir='ltr'>Plurima</span> <span class='ocrx_word' id='word_1_57' title='bbox 1169 1012 1208 1058; x_wconf 85' lang='lat' dir='ltr'>ex</span> <span class='ocrx_word' id='word_1_58' title='bbox 1223 992 1379 1058; x_wconf 89' lang='lat' dir='ltr'>iambicae</span> 
     </span>
     <span class='ocr_line' id='line_1_8' title="bbox 101 1099 1380 1183; baseline 0 -18"><span class='ocrx_word' id='word_1_59' title='bbox 101 1099 211 1179; x_wconf 92' lang='lat' dir='ltr'>poesis</span> <span class='ocrx_word' id='word_1_60' title='bbox 236 1117 395 1181; x_wconf 85' lang='lat' dir='ltr'>sermone,</span> <span class='ocrx_word' id='word_1_61' title='bbox 429 1119 511 1183; x_wconf 89' lang='lat' dir='ltr'>quae</span> <span class='ocrx_word' id='word_1_62' title='bbox 535 1099 627 1182; x_wconf 89' lang='lat' dir='ltr'>quasi</span> <span class='ocrx_word' id='word_1_63' title='bbox 650 1106 767 1182; x_wconf 88' lang='lat' dir='ltr'>parent</span> <span class='ocrx_word' id='word_1_64' title='bbox 769 1119 804 1167; x_wconf 91' lang='lat' dir='ltr'>es</span> <span class='ocrx_word' id='word_1_65' title='bbox 754 1101 966 1167; x_wconf 88' lang='lat' dir='ltr'>tdiverbii</span> <span class='ocrx_word' id='word_1_66' title='bbox 989 1101 1107 1183; x_wconf 84' lang='lat' dir='ltr'>tragici</span> <span class='ocrx_word' id='word_1_67' title='bbox 1129 1100 1251 1166; x_wconf 90' lang='lat' dir='ltr'>habent</span> <span class='ocrx_word' id='word_1_68' title='bbox 1238 1106 1300 1180; x_wconf 88' lang='lat' dir='ltr'>tur,</span> <span class='ocrx_word' id='word_1_69' title='bbox 1330 1118 1380 1165; x_wconf 87' lang='lat' dir='ltr'>ne-</span> 
     </span>
     <span class='ocr_line' id='line_1_9' title="bbox 102 1205 1376 1290; baseline 0.001 -19"><span class='ocrx_word' id='word_1_70' title='bbox 102 1210 196 1287; x_wconf 85' lang='lat' dir='ltr'>cepta</span> <span class='ocrx_word' id='word_1_71' title='bbox 220 1224 291 1273; x_wconf 90' lang='lat' dir='ltr'>esse</span> <span class='ocrx_word' id='word_1_72' title='bbox 315 1211 442 1273; x_wconf 91' lang='lat' dir='ltr'>constat</span> <span class='ocrx_word' id='word_1_73' title='bbox 428 1205 812 1290; x_wconf 85' lang='lat' dir='ltr'>t,cf.deWilamowit,z</span> <span class='ocrx_word' id='word_1_74' title='bbox 770 1207 949 1289; x_wconf 89' lang='lat' dir='ltr'>tphilol.</span> <span class='ocrx_word' id='word_1_75' title='bbox 966 1207 1033 1274; x_wconf 91' lang='lat' dir='ltr'>Unt</span> <span class='ocrx_word' id='word_1_76' title='bbox 1019 1213 1097 1274; x_wconf 80' lang='lat' dir='ltr'>tera</span> <span class='ocrx_word' id='word_1_77' title='bbox 1119 1207 1177 1289; x_wconf 88' lang='lat'>111,</span> <span class='ocrx_word' id='word_1_78' title='bbox 1201 1227 1232 1289; x_wconf 88' lang='lat' dir='ltr'>p</span> <span class='ocrx_word' id='word_1_79' title='bbox 1251 1209 1291 1272; x_wconf 87' lang='lat'>31</span> <span class='ocrx_word' id='word_1_80' title='bbox 1296 1210 1376 1289; x_wconf 88' lang='lat' dir='ltr'>Osq.</span> 
     </span>
     <span class='ocr_line' id='line_1_10' title="bbox 102 1313 1380 1399; baseline 0.001 -21"><span class='ocrx_word' id='word_1_81' title='bbox 102 1313 214 1395; x_wconf 88' lang='lat' dir='ltr'>Neque</span> <span class='ocrx_word' id='word_1_82' title='bbox 237 1333 314 1381; x_wconf 85' lang='lat' dir='ltr'>uero</span> <span class='ocrx_word' id='word_1_83' title='bbox 338 1315 440 1398; x_wconf 90' lang='lat' dir='ltr'>lyrica</span> <span class='ocrx_word' id='word_1_84' title='bbox 462 1315 570 1396; x_wconf 90' lang='lat' dir='ltr'>poesis</span> <span class='ocrx_word' id='word_1_85' title='bbox 594 1322 688 1397; x_wconf 90' lang='lat' dir='ltr'>praet</span> <span class='ocrx_word' id='word_1_86' title='bbox 690 1335 726 1381; x_wconf 92' lang='lat' dir='ltr'>er</span> <span class='ocrx_word' id='word_1_87' title='bbox 749 1335 796 1397; x_wconf 87' lang='lat' dir='ltr'>ea,</span> <span class='ocrx_word' id='word_1_88' title='bbox 833 1335 916 1399; x_wconf 88' lang='lat' dir='ltr'>quae</span> <span class='ocrx_word' id='word_1_89' title='bbox 940 1335 979 1382; x_wconf 86' lang='lat' dir='ltr'>ex</span> <span class='ocrx_word' id='word_1_90' title='bbox 1002 1316 1093 1398; x_wconf 93' lang='lat' dir='ltr'>epico</span> <span class='ocrx_word' id='word_1_91' title='bbox 1118 1333 1265 1381; x_wconf 91' lang='lat' dir='ltr'>sermone</span> <span class='ocrx_word' id='word_1_92' title='bbox 1287 1315 1380 1379; x_wconf 89' lang='lat' dir='ltr'>illata</span> 
     </span>
     <span class='ocr_line' id='line_1_11' title="bbox 102 1421 1380 1505; baseline -0.001 -17"><span class='ocrx_word' id='word_1_93' title='bbox 102 1429 178 1488; x_wconf 85' lang='lat' dir='ltr'>sunt</span> <span class='ocrx_word' id='word_1_94' title='bbox 201 1423 370 1504; x_wconf 72' lang='lat' dir='ltr'>elementa</span> <span class='ocrx_word' id='word_1_95' title='bbox 408 1440 523 1489; x_wconf 90' lang='lat' dir='ltr'>vocum</span> <span class='ocrx_word' id='word_1_96' title='bbox 557 1423 738 1489; x_wconf 88' lang='lat' dir='ltr'>Ionicarum</span> <span class='ocrx_word' id='word_1_97' title='bbox 774 1441 888 1505; x_wconf 85' lang='lat' dir='ltr'>expers</span> <span class='ocrx_word' id='word_1_98' title='bbox 925 1428 983 1504; x_wconf 92' lang='lat' dir='ltr'>est,</span> <span class='ocrx_word' id='word_1_99' title='bbox 1022 1441 1104 1505; x_wconf 90' lang='lat' dir='ltr'>quae</span> <span class='ocrx_word' id='word_1_100' title='bbox 1134 1422 1270 1488; x_wconf 85' lang='lat' dir='ltr'>maxime</span> <span class='ocrx_word' id='word_1_101' title='bbox 1293 1421 1380 1504; x_wconf 91' lang='lat' dir='ltr'>apud</span> 
     </span>
     <span class='ocr_line' id='line_1_12' title="bbox 101 1529 1381 1613; baseline -0.001 -18"><span class='ocrx_word' id='word_1_102' title='bbox 101 1536 178 1612; x_wconf 91' lang='lat' dir='ltr'>poet</span> <span class='ocrx_word' id='word_1_103' title='bbox 180 1549 215 1596; x_wconf 93' lang='lat' dir='ltr'>as</span> <span class='ocrx_word' id='word_1_104' title='bbox 165 1531 334 1597; x_wconf 91' lang='lat' dir='ltr'>tlones</span> <span class='ocrx_word' id='word_1_105' title='bbox 358 1535 453 1596; x_wconf 90' lang='lat' dir='ltr'>natos</span> <span class='ocrx_word' id='word_1_106' title='bbox 481 1532 514 1596; x_wconf 89' lang='lat' dir='ltr'>in</span> <span class='ocrx_word' id='word_1_107' title='bbox 538 1550 632 1596; x_wconf 90' lang='lat' dir='ltr'>usum</span> <span class='ocrx_word' id='word_1_108' title='bbox 654 1536 821 1612; x_wconf 86' lang='lat' dir='ltr'>venerunt,</span> <span class='ocrx_word' id='word_1_109' title='bbox 798 1529 889 1596; x_wconf 77' lang='lat' dir='ltr'>tot</span> <span class='ocrx_word' id='word_1_110' title='bbox 913 1531 950 1595; x_wconf 92' lang='lat' dir='ltr'><strong>R</strong></span> <span class='ocrx_word' id='word_1_111' title='bbox 968 1531 1064 1596; x_wconf 84' lang='grc' dir='ltr'>ΗοΙοΙ</span> <span class='ocrx_word' id='word_1_112' title='bbox 1050 1536 1116 1613; x_wconf 93' lang='lat' dir='ltr'>ten,</span> <span class='ocrx_word' id='word_1_113' title='bbox 1141 1530 1180 1595; x_wconf 93' lang='lat' dir='ltr'>de</span> <span class='ocrx_word' id='word_1_114' title='bbox 1205 1530 1381 1596; x_wconf 86' lang='lat' dir='ltr'>Stesichori</span> 
     </span>
     <span class='ocr_line' id='line_1_13' title="bbox 102 1582 1378 1724; baseline 0.001 -24"><span class='ocrx_word' id='word_1_115' title='bbox 102 1644 135 1701; x_wconf 88' lang='lat' dir='ltr'>et</span> <span class='ocrx_word' id='word_1_116' title='bbox 150 1638 239 1719; x_wconf 92' lang='lat' dir='ltr'>Ibyci</span> <span class='ocrx_word' id='word_1_117' title='bbox 257 1638 384 1708; x_wconf 90' lang='lat' dir='ltr'>dial.t</span> <span class='ocrx_word' id='word_1_118' title='bbox 352 1644 384 1704; x_wconf 93' lang='lat' dir='ltr'>et</span> <span class='ocrx_word' id='word_1_119' title='bbox 402 1639 495 1721; x_wconf 88' lang='lat' dir='ltr'>copia</span> <span class='ocrx_word' id='word_1_120' title='bbox 512 1639 599 1705; x_wconf 87' lang='lat' dir='ltr'>verb.</span> <span class='ocrx_word' id='word_1_121' title='bbox 604 1639 750 1724; x_wconf 89' lang='lat' dir='ltr'>,.Gryph</span> <span class='ocrx_word' id='word_1_122' title='bbox 772 1582 867 1704; x_wconf 57' lang='lat'>18’84.</span> <span class='ocrx_word' id='word_1_123' title='bbox 902 1639 948 1704; x_wconf 88' lang='lat' dir='ltr'>Ut</span> <span class='ocrx_word' id='word_1_124' title='bbox 935 1645 985 1703; x_wconf 88' lang='lat' dir='ltr'>ter</span> <span class='ocrx_word' id='word_1_125' title='bbox 1001 1644 1057 1705; x_wconf 91' lang='lat' dir='ltr'>aut</span> <span class='ocrx_word' id='word_1_126' title='bbox 1060 1658 1110 1704; x_wconf 92' lang='lat' dir='ltr'>em</span> <span class='ocrx_word' id='word_1_127' title='bbox 1132 1637 1203 1704; x_wconf 86' lang='lat' dir='ltr'>fons</span> <span class='ocrx_word' id='word_1_128' title='bbox 1220 1637 1378 1717; x_wconf 87' lang='lat' dir='ltr'>gravioris</span> 
     </span>
     <span class='ocr_line' id='line_1_14' title="bbox 102 1745 1379 1828; baseline 0.001 -20"><span class='ocrx_word' id='word_1_129' title='bbox 102 1745 257 1811; x_wconf 87' lang='lat' dir='ltr'>momenti</span> <span class='ocrx_word' id='word_1_130' title='bbox 285 1747 326 1812; x_wconf 90' lang='lat' dir='ltr'>ad</span> <span class='ocrx_word' id='word_1_131' title='bbox 355 1746 617 1812; x_wconf 88' lang='lat' dir='ltr'>conformandum</span> <span class='ocrx_word' id='word_1_132' title='bbox 645 1747 804 1828; x_wconf 89' lang='lat' dir='ltr'>tragicum</span> <span class='ocrx_word' id='word_1_133' title='bbox 829 1752 861 1812; x_wconf 91' lang='lat' dir='ltr'>et</span> <span class='ocrx_word' id='word_1_134' title='bbox 885 1746 1159 1812; x_wconf 85' lang='lat' dir='ltr'>diverbiorumeb</span> <span class='ocrx_word' id='word_1_135' title='bbox 1183 1746 1379 1811; x_wconf 90' lang='lat' dir='ltr'>canticorum</span> 
     </span>
     <span class='ocr_line' id='line_1_15' title="bbox 101 1852 1374 1935; baseline 0.002 -19"><span class='ocrx_word' id='word_1_136' title='bbox 101 1870 280 1919; x_wconf 89' lang='lat' dir='ltr'>sermonem</span> <span class='ocrx_word' id='word_1_137' title='bbox 324 1853 439 1935; x_wconf 88' lang='lat' dir='ltr'>fuerit,</span> <span class='ocrx_word' id='word_1_138' title='bbox 498 1855 624 1919; x_wconf 88' lang='lat' dir='ltr'>etiamsi</span> <span class='ocrx_word' id='word_1_139' title='bbox 674 1852 805 1920; x_wconf 84' lang='lat' dir='ltr'>difficile</span> <span class='ocrx_word' id='word_1_140' title='bbox 848 1859 898 1919; x_wconf 89' lang='lat' dir='ltr'>est</span> <span class='ocrx_word' id='word_1_141' title='bbox 940 1853 1132 1934; x_wconf 88' lang='lat' dir='ltr'>diiudicare,</span> <span class='ocrx_word' id='word_1_142' title='bbox 1183 1857 1291 1917; x_wconf 90' lang='lat' dir='ltr'>tamen</span> <span class='ocrx_word' id='word_1_143' title='bbox 1334 1870 1374 1918; x_wconf 92' lang='lat' dir='ltr'>ne</span> 
     </span>
     <span class='ocr_line' id='line_1_16' title="bbox 101 1959 1378 2045; baseline -0.001 -22"><span class='ocrx_word' id='word_1_144' title='bbox 101 1959 181 2025; x_wconf 89' lang='lat' dir='ltr'>haec</span> <span class='ocrx_word' id='word_1_145' title='bbox 213 1962 359 2042; x_wconf 88' lang='lat' dir='ltr'>quaestio</span> <span class='ocrx_word' id='word_1_146' title='bbox 393 1963 490 2043; x_wconf 87' lang='lat' dir='ltr'>plane</span> <span class='ocrx_word' id='word_1_147' title='bbox 524 1962 731 2045; x_wconf 87' lang='lat' dir='ltr'>neglegatur,</span> <span class='ocrx_word' id='word_1_148' title='bbox 766 1980 802 2026; x_wconf 91' lang='lat' dir='ltr'>re</span> <span class='ocrx_word' id='word_1_149' title='bbox 838 1965 971 2044; x_wconf 89' lang='lat' dir='ltr'>peracta</span> <span class='ocrx_word' id='word_1_150' title='bbox 1006 1960 1210 2026; x_wconf 86' lang='lat' dir='ltr'>tractabitur.</span> <span class='ocrx_word' id='word_1_151' title='bbox 1271 1959 1378 2023; x_wconf 87' lang='lat' dir='ltr'>Etiam</span> 
     </span>
     <span class='ocr_line' id='line_1_17' title="bbox 103 2066 1380 2151; baseline -0.001 -21"><span class='ocrx_word' id='word_1_152' title='bbox 103 2067 272 2134; x_wconf 86' lang='lat' dir='ltr'>familiaris</span> <span class='ocrx_word' id='word_1_153' title='bbox 288 2069 532 2135; x_wconf 85' lang='lat' dir='ltr'>Atheniensium</span> <span class='ocrx_word' id='word_1_154' title='bbox 558 2088 663 2135; x_wconf 89' lang='lat' dir='ltr'>sermo</span> <span class='ocrx_word' id='word_1_155' title='bbox 687 2075 834 2151; x_wconf 89' lang='lat' dir='ltr'>tempore</span> <span class='ocrx_word' id='word_1_156' title='bbox 856 2068 1033 2151; x_wconf 89' lang='lat' dir='ltr'>proceden</span> <span class='ocrx_word' id='word_1_157' title='bbox 1035 2088 1052 2134; x_wconf 95' lang='lat' dir='ltr'>e</span> <span class='ocrx_word' id='word_1_158' title='bbox 1019 2067 1235 2133; x_wconf 90' lang='lat' dir='ltr'>tttmula</span> <span class='ocrx_word' id='word_1_159' title='bbox 1143 2071 1235 2133; x_wconf 90' lang='lat' dir='ltr'>tte</span> <span class='ocrx_word' id='word_1_160' title='bbox 1258 2066 1380 2131; x_wconf 89' lang='lat' dir='ltr'>aha</span> <span class='ocrx_word' id='word_1_161' title='bbox 1346 2070 1380 2131; x_wconf 94' lang='lat' dir='ltr'>e</span> 
     </span>
     <span class='ocr_line' id='line_1_18' title="bbox 101 2173 1377 2262; baseline 0 -24"><span class='ocrx_word' id='word_1_162' title='bbox 101 2173 212 2240; x_wconf 88' lang='lat' dir='ltr'>Ionica</span> <span class='ocrx_word' id='word_1_163' title='bbox 226 2176 365 2243; x_wconf 87' lang='lat' dir='ltr'>element</span> <span class='ocrx_word' id='word_1_164' title='bbox 351 2178 563 2258; x_wconf 68' lang='lat' dir='ltr'>tarecepitc</span> <span class='ocrx_word' id='word_1_165' title='bbox 564 2175 695 2261; x_wconf 81' lang='grc' dir='ltr'>Ι.[Χοιι</span> <span class='ocrx_word' id='word_1_166' title='bbox 698 2176 710 2262; x_wconf 88' lang='grc'>]</span> <span class='ocrx_word' id='word_1_167' title='bbox 724 2181 849 2258; x_wconf 90' lang='lat' dir='ltr'>rep.t</span> <span class='ocrx_word' id='word_1_168' title='bbox 806 2176 849 2241; x_wconf 89' lang='grc' dir='ltr'>ΑΙ</span> <span class='ocrx_word' id='word_1_169' title='bbox 850 2176 881 2240; x_wconf 95' lang='lat' dir='ltr'>h.</span> <span class='ocrx_word' id='word_1_170' title='bbox 896 2178 924 2243; x_wconf 80' lang='lat'>2</span> <span class='ocrx_word' id='word_1_171' title='bbox 930 2177 959 2250; x_wconf 89' lang='lat'>8,</span> <span class='ocrx_word' id='word_1_172' title='bbox 974 2176 1058 2258; x_wconf 92' lang='lat' dir='ltr'>quod</span> <span class='ocrx_word' id='word_1_173' title='bbox 1072 2176 1147 2240; x_wconf 92' lang='lat' dir='ltr'>inde</span> <span class='ocrx_word' id='word_1_174' title='bbox 1160 2193 1179 2239; x_wconf 90' lang='lat' dir='ltr'>a</span> <span class='ocrx_word' id='word_1_175' title='bbox 1190 2174 1243 2238; x_wconf 92' lang='lat' dir='ltr'>Vl.</span> <span class='ocrx_word' id='word_1_176' title='bbox 1249 2173 1377 2239; x_wconf 89' lang='lat' dir='ltr'>saeculo</span> 
     </span>
     <span class='ocr_line' id='line_1_19' title="bbox 101 2279 1378 2367; baseline -0.002 -22"><span class='ocrx_word' id='word_1_177' title='bbox 101 2279 221 2347; x_wconf 86' lang='lat' dir='ltr'>iactum</span> <span class='ocrx_word' id='word_1_178' title='bbox 247 2302 318 2350; x_wconf 87' lang='lat' dir='ltr'>esse</span> <span class='ocrx_word' id='word_1_179' title='bbox 347 2285 416 2351; x_wconf 90' lang='lat' dir='ltr'>veri</span> <span class='ocrx_word' id='word_1_180' title='bbox 444 2285 604 2367; x_wconf 90' lang='lat' dir='ltr'>quandam</span> <span class='ocrx_word' id='word_1_181' title='bbox 629 2285 768 2366; x_wconf 90' lang='lat' dir='ltr'>speciem</span> <span class='ocrx_word' id='word_1_182' title='bbox 791 2303 870 2366; x_wconf 88' lang='lat' dir='ltr'>prae</span> <span class='ocrx_word' id='word_1_183' title='bbox 894 2303 929 2350; x_wconf 89' lang='lat' dir='ltr'>se</span> <span class='ocrx_word' id='word_1_184' title='bbox 952 2281 1016 2349; x_wconf 84' lang='lat' dir='ltr'>fert</span> <span class='ocrx_word' id='word_1_185' title='bbox 1038 2287 1173 2365; x_wconf 92' lang='lat' dir='ltr'>propter</span> <span class='ocrx_word' id='word_1_186' title='bbox 1197 2280 1378 2347; x_wconf 88' lang='lat' dir='ltr'>commercii</span> 
     </span>
     <span class='ocr_line' id='line_1_20' title="bbox 64 2389 1377 2473; baseline -0.001 -20"><span class='ocrx_word' id='word_1_187' title='bbox 64 2411 66 2414; x_wconf 93' lang='lat'>·</span> <span class='ocrx_word' id='word_1_188' title='bbox 102 2389 353 2458; x_wconf 90' lang='lat' dir='ltr'>vicissitudines.</span> <span class='ocrx_word' id='word_1_189' title='bbox 400 2392 494 2458; x_wconf 90' lang='lat' dir='ltr'>Unde</span> <span class='ocrx_word' id='word_1_190' title='bbox 528 2411 568 2456; x_wconf 97' lang='lat' dir='ltr'>ne</span> <span class='ocrx_word' id='word_1_191' title='bbox 603 2393 743 2458; x_wconf 89' lang='lat' dir='ltr'>radicem</span> <span class='ocrx_word' id='word_1_192' title='bbox 772 2391 1023 2456; x_wconf 92' lang='lat' dir='ltr'>Ionismorumt</span> <span class='ocrx_word' id='word_1_193' title='bbox 1009 2390 1198 2473; x_wconf 88' lang='lat' dir='ltr'>tragoediae</span> <span class='ocrx_word' id='word_1_194' title='bbox 1220 2392 1277 2470; x_wconf 90' lang='lat' dir='ltr'>pet</span> <span class='ocrx_word' id='word_1_195' title='bbox 1279 2404 1377 2468; x_wconf 88' lang='lat' dir='ltr'>amus,</span> 
     </span>
    </p>
   </div>
   <div class='ocr_carea' id='block_1_3' title="bbox 101 2482 1377 2690">
    <p class='ocr_par' dir='ltr' id='par_1_4' title="bbox 101 2482 1377 2690">
     <span class='ocr_line' id='line_1_21' title="bbox 101 2482 1377 2582; baseline 0.001 -22"><span class='ocrx_word' id='word_1_196' title='bbox 101 2496 219 2580; x_wconf 84' lang='lat' dir='ltr'>obstat,</span> <span class='ocrx_word' id='word_1_197' title='bbox 257 2500 342 2581; x_wconf 90' lang='lat' dir='ltr'>quod</span> <span class='ocrx_word' id='word_1_198' title='bbox 373 2500 453 2565; x_wconf 90' lang='lat' dir='ltr'>haec</span> <span class='ocrx_word' id='word_1_199' title='bbox 476 2500 633 2581; x_wconf 89' lang='lat' dir='ltr'>paulatim</span> <span class='ocrx_word' id='word_1_200' title='bbox 656 2501 759 2582; x_wconf 87' lang='lat' dir='ltr'>magis</span> <span class='ocrx_word' id='word_1_201' title='bbox 782 2482 950 2582; x_wconf 84' lang='lat' dir='ltr'>magisque</span> <span class='ocrx_word' id='word_1_202' title='bbox 974 2497 1152 2578; x_wconf 75' lang='lat' dir='ltr'>Atticam,</span> <span class='ocrx_word' id='word_1_203' title='bbox 1189 2497 1246 2563; x_wconf 90' lang='lat' dir='ltr'>illa</span> <span class='ocrx_word' id='word_1_204' title='bbox 1269 2501 1377 2563; x_wconf 93' lang='lat' dir='ltr'>autem</span> 
     </span>
     <span class='ocr_line' id='line_1_22' title="bbox 101 2602 1375 2690; baseline 0.003 -24"><span class='ocrx_word' id='word_1_205' title='bbox 101 2602 230 2669; x_wconf 80' lang='lat' dir='ltr'>Atticae</span> <span class='ocrx_word' id='word_1_206' title='bbox 255 2607 496 2674; x_wconf 87' lang='lat' dir='ltr'>consuetudinis</span> <span class='ocrx_word' id='word_1_207' title='bbox 520 2608 681 2674; x_wconf 91' lang='lat' dir='ltr'>elementa</span> <span class='ocrx_word' id='word_1_208' title='bbox 704 2612 849 2690; x_wconf 89' lang='lat' dir='ltr'>tempore</span> <span class='ocrx_word' id='word_1_209' title='bbox 873 2607 1069 2690; x_wconf 90' lang='lat' dir='ltr'>procedente</span> <span class='ocrx_word' id='word_1_210' title='bbox 1093 2606 1186 2672; x_wconf 89' lang='lat' dir='ltr'>valde</span> <span class='ocrx_word' id='word_1_211' title='bbox 1207 2610 1375 2688; x_wconf 90' lang='lat' dir='ltr'>augentur.</span> 
     </span>
    </p>
   </div>
   <div class='ocr_carea' id='block_1_4' title="bbox 519 2839 959 2922">
    <p class='ocr_par' dir='ltr' id='par_1_5' title="bbox 519 2839 959 2922">
     <span class='ocr_line' id='line_1_23' title="bbox 519 2839 959 2922; baseline -0.005 -18"><span class='ocrx_word' id='word_1_212' title='bbox 519 2843 545 2904; x_wconf 90' lang='lat'>1.</span> <span class='ocrx_word' id='word_1_213' title='bbox 574 2841 701 2907; x_wconf 87' lang='lat' dir='ltr'>Voces</span> <span class='ocrx_word' id='word_1_214' title='bbox 724 2839 959 2922; x_wconf 79' lang='lat' dir='ltr'>peregrinae.</span> 
     </span>
    </p>
   </div>
   <div class='ocr_carea' id='block_1_5' title="bbox 307 2994 1175 3080">
    <p class='ocr_par' dir='ltr' id='par_1_6' title="bbox 307 2994 1175 3080">
     <span class='ocr_line' id='line_1_24' title="bbox 307 2994 1175 3080; baseline 0 -19"><span class='ocrx_word' id='word_1_215' title='bbox 307 2995 497 3079; x_wconf 82' lang='grc' dir='ltr'>ΔΕΛΤΟΣ,</span> <span class='ocrx_word' id='word_1_216' title='bbox 527 2997 866 3080; x_wconf 66' lang='lat' dir='ltr'>laodonenses,</span> <span class='ocrx_word' id='word_1_217' title='bbox 897 2994 1175 3064; x_wconf 80' lang='grc' dir='ltr'>ΔΕΛΤΟΥΜΑΙ.</span> 
     </span>
    </p>
   </div>
   <div class='ocr_carea' id='block_1_6' title="bbox 100 3137 1377 4628">
    <p class='ocr_par' dir='ltr' id='par_1_7' title="bbox 100 3137 1377 4628">
     <span class='ocr_line' id='line_1_25' title="bbox 210 3137 1374 3227; baseline -0.003 -22"><span class='ocrx_word' id='word_1_218' title='bbox 210 3140 321 3222; x_wconf 85' lang='lat' dir='ltr'>Suppl.</span> <span class='ocrx_word' id='word_1_219' title='bbox 340 3143 402 3206; x_wconf 89' lang='grc'>173</span> <span class='ocrx_word' id='word_1_220' title='bbox 422 3141 515 3227; x_wconf 88' lang='grc'>(169)</span> <span class='ocrx_word' id='word_1_221' title='bbox 532 3145 617 3210; x_wconf 85' lang='lat' dir='ltr'>trim.</span> <span class='ocrx_word' id='word_1_222' title='bbox 636 3144 720 3209; x_wconf 80' lang='grc' dir='ltr'>αἰνῶ</span> <span class='ocrx_word' id='word_1_223' title='bbox 746 3141 893 3226; x_wconf 80' lang='grc' dir='ltr'>φυλάξαι</span> <span class='ocrx_word' id='word_1_224' title='bbox 908 3140 985 3226; x_wconf 84' lang='grc' dir='ltr'>τᾶμ’</span> <span class='ocrx_word' id='word_1_225' title='bbox 1008 3140 1073 3224; x_wconf 67' lang='lat' dir='ltr'>inq</span> <span class='ocrx_word' id='word_1_226' title='bbox 1091 3137 1374 3222; x_wconf 78' lang='grc' dir='ltr'>δελτουμένας.</span> 
     </span>
     <span class='ocr_line' id='line_1_26' title="bbox 103 3247 1375 3334; baseline -0.001 -23"><span class='ocrx_word' id='word_1_227' title='bbox 103 3248 210 3313; x_wconf 86' lang='grc' dir='ltr'>Ριοιιι.</span> <span class='ocrx_word' id='word_1_228' title='bbox 228 3249 291 3312; x_wconf 86' lang='grc'>789</span> <span class='ocrx_word' id='word_1_229' title='bbox 310 3250 397 3332; x_wconf 84' lang='grc'>(787)</span> <span class='ocrx_word' id='word_1_230' title='bbox 422 3250 508 3318; x_wconf 83' lang='lat' dir='ltr'>brim.</span> <span class='ocrx_word' id='word_1_231' title='bbox 532 3251 701 3334; x_wconf 79' lang='grc' dir='ltr'>μνήμοσιν</span> <span class='ocrx_word' id='word_1_232' title='bbox 725 3248 885 3332; x_wconf 78' lang='grc' dir='ltr'>δέλτοις</span> <span class='ocrx_word' id='word_1_233' title='bbox 910 3253 1058 3333; x_wconf 79' lang='grc' dir='ltr'>φρενῶν.</span> <span class='ocrx_word' id='word_1_234' title='bbox 1093 3249 1183 3313; x_wconf 89' lang='grc' dir='ltr'>Ειιιιι.</span> <span class='ocrx_word' id='word_1_235' title='bbox 1202 3249 1265 3312; x_wconf 80' lang='grc'>276</span> <span class='ocrx_word' id='word_1_236' title='bbox 1283 3247 1375 3328; x_wconf 71' lang='grc'>(271)</span> 
     </span>
     <span class='ocr_line' id='line_1_27' title="bbox 103 3351 1377 3441; baseline -0.002 -21"><span class='ocrx_word' id='word_1_237' title='bbox 103 3355 190 3420; x_wconf 93' lang='lat' dir='ltr'>chor.</span> <span class='ocrx_word' id='word_1_238' title='bbox 216 3351 485 3440; x_wconf 75' lang='grc' dir='ltr'><em>δελτογράφῳ</em></span> <span class='ocrx_word' id='word_1_239' title='bbox 510 3355 548 3423; x_wconf 76' lang='grc' dir='ltr'>δὲ</span> <span class='ocrx_word' id='word_1_240' title='bbox 570 3358 669 3423; x_wconf 79' lang='grc' dir='ltr'>πάντ</span> <span class='ocrx_word' id='word_1_241' title='bbox 700 3358 824 3440; x_wconf 83' lang='grc' dir='ltr'>έιτιοιτᾷ</span> <span class='ocrx_word' id='word_1_242' title='bbox 849 3360 955 3441; x_wconf 80' lang='grc' dir='ltr'>φρενί.</span> <span class='ocrx_word' id='word_1_243' title='bbox 1003 3359 1063 3422; x_wconf 83' lang='lat' dir='ltr'>Est</span> <span class='ocrx_word' id='word_1_244' title='bbox 1085 3356 1186 3438; x_wconf 87' lang='lat' dir='ltr'>igitur</span> <span class='ocrx_word' id='word_1_245' title='bbox 1212 3354 1233 3436; x_wconf 78' lang='grc' dir='ltr'><em>ἡ</em></span> <span class='ocrx_word' id='word_1_246' title='bbox 1258 3351 1377 3432; x_wconf 76' lang='grc' dir='ltr'>δέλτος</span> 
     </span>
     <span class='ocr_line' id='line_1_28' title="bbox 105 3461 1376 3546; baseline 0 -20"><span class='ocrx_word' id='word_1_247' title='bbox 105 3462 237 3542; x_wconf 89' lang='lat' dir='ltr'>„tabula</span> <span class='ocrx_word' id='word_1_248' title='bbox 259 3463 464 3545; x_wconf 84' lang='lat' dir='ltr'>scriptoria“,</span> <span class='ocrx_word' id='word_1_249' title='bbox 489 3464 574 3530; x_wconf 93' lang='lat' dir='ltr'>unde</span> <span class='ocrx_word' id='word_1_250' title='bbox 598 3465 769 3531; x_wconf 88' lang='lat' dir='ltr'>formatum</span> <span class='ocrx_word' id='word_1_251' title='bbox 792 3471 842 3532; x_wconf 90' lang='lat' dir='ltr'>est</span> <span class='ocrx_word' id='word_1_252' title='bbox 859 3463 1091 3546; x_wconf 81' lang='grc' dir='ltr'>ὁελτογράφος</span> <span class='ocrx_word' id='word_1_253' title='bbox 1107 3462 1183 3546; x_wconf 89' lang='lat' dir='ltr'>,qui</span> <span class='ocrx_word' id='word_1_254' title='bbox 1199 3463 1232 3527; x_wconf 95' lang='lat' dir='ltr'>in</span> <span class='ocrx_word' id='word_1_255' title='bbox 1248 3461 1376 3526; x_wconf 89' lang='lat' dir='ltr'>tabulas</span> 
     </span>
     <span class='ocr_line' id='line_1_29' title="bbox 102 3567 1377 3655; baseline -0.002 -22"><span class='ocrx_word' id='word_1_256' title='bbox 102 3568 220 3635; x_wconf 87' lang='lat' dir='ltr'>nelert“</span> <span class='ocrx_word' id='word_1_257' title='bbox 259 3574 292 3635; x_wconf 92' lang='lat' dir='ltr'>et</span> <span class='ocrx_word' id='word_1_258' title='bbox 326 3567 509 3655; x_wconf 81' lang='grc' dir='ltr'>ὁελτοῦμαι</span> <span class='ocrx_word' id='word_1_259' title='bbox 546 3574 599 3654; x_wconf 89' lang='lat' dir='ltr'>„in</span> <span class='ocrx_word' id='word_1_260' title='bbox 631 3574 757 3638; x_wconf 90' lang='lat' dir='ltr'>tabulas</span> <span class='ocrx_word' id='word_1_261' title='bbox 782 3573 921 3650; x_wconf 87' lang='lat' dir='ltr'>refero“‚</span> <span class='ocrx_word' id='word_1_262' title='bbox 955 3571 993 3638; x_wconf 87' lang='lat' dir='ltr'>ci.</span> <span class='ocrx_word' id='word_1_263' title='bbox 1018 3571 1117 3638; x_wconf 89' lang='lat' dir='ltr'>schol.</span> <span class='ocrx_word' id='word_1_264' title='bbox 1143 3571 1183 3634; x_wconf 92' lang='lat' dir='ltr'>ad</span> <span class='ocrx_word' id='word_1_265' title='bbox 1207 3568 1317 3650; x_wconf 85' lang='lat' dir='ltr'>Suppl.</span> <span class='ocrx_word' id='word_1_266' title='bbox 1344 3571 1377 3632; x_wconf 86' lang='lat' dir='ltr'>et</span> 
     </span>
     <span class='ocr_line' id='line_1_30' title="bbox 102 3673 1374 3764; baseline -0.001 -24"><span class='ocrx_word' id='word_1_267' title='bbox 102 3673 193 3741; x_wconf 85' lang='lat' dir='ltr'>Eum.</span> <span class='ocrx_word' id='word_1_268' title='bbox 216 3676 237 3741; x_wconf 97' lang='lat' dir='ltr'>l.</span> <span class='ocrx_word' id='word_1_269' title='bbox 256 3695 281 3742; x_wconf 90' lang='lat' dir='ltr'>e.</span> <span class='ocrx_word' id='word_1_270' title='bbox 316 3678 437 3743; x_wconf 87' lang='lat' dir='ltr'>Eodem</span> <span class='ocrx_word' id='word_1_271' title='bbox 461 3699 559 3746; x_wconf 92' lang='lat' dir='ltr'>sensu</span> <span class='ocrx_word' id='word_1_272' title='bbox 583 3678 702 3761; x_wconf 76' lang='grc' dir='ltr'>δέλτος</span> <span class='ocrx_word' id='word_1_273' title='bbox 724 3681 844 3764; x_wconf 90' lang='lat' dir='ltr'>legitur</span> <span class='ocrx_word' id='word_1_274' title='bbox 869 3681 954 3763; x_wconf 90' lang='lat' dir='ltr'>apud</span> <span class='ocrx_word' id='word_1_275' title='bbox 978 3677 1170 3761; x_wconf 88' lang='lat' dir='ltr'>Sophoclem</span> <span class='ocrx_word' id='word_1_276' title='bbox 1194 3675 1306 3742; x_wconf 88' lang='lat' dir='ltr'>Trach.</span> <span class='ocrx_word' id='word_1_277' title='bbox 1322 3676 1374 3756; x_wconf 84' lang='grc'>47,</span> 
     </span>
     <span class='ocr_line' id='line_1_31' title="bbox 106 3782 1374 3871; baseline 0.001 -25"><span class='ocrx_word' id='word_1_278' title='bbox 106 3786 179 3865; x_wconf 85' lang='grc'>157,</span> <span class='ocrx_word' id='word_1_279' title='bbox 206 3785 279 3865; x_wconf 90' lang='grc'>683,</span> <span class='ocrx_word' id='word_1_280' title='bbox 307 3785 367 3867; x_wconf 83' lang='lat' dir='ltr'>ing.</span> <span class='ocrx_word' id='word_1_281' title='bbox 387 3788 451 3853; x_wconf 82' lang='lat'>540</span> <span class='ocrx_word' id='word_1_282' title='bbox 473 3788 505 3852; x_wconf 94' lang='lat' dir='ltr'>in</span> <span class='ocrx_word' id='word_1_283' title='bbox 531 3788 683 3854; x_wconf 88' lang='lat' dir='ltr'>diverbiis</span> <span class='ocrx_word' id='word_1_284' title='bbox 707 3795 740 3856; x_wconf 90' lang='lat' dir='ltr'>et</span> <span class='ocrx_word' id='word_1_285' title='bbox 756 3791 841 3871; x_wconf 89' lang='lat' dir='ltr'>apud</span> <span class='ocrx_word' id='word_1_286' title='bbox 859 3789 1045 3870; x_wconf 84' lang='lat' dir='ltr'>Euripidem</span> <span class='ocrx_word' id='word_1_287' title='bbox 1062 3786 1148 3852; x_wconf 89' lang='lat' dir='ltr'>haud</span> <span class='ocrx_word' id='word_1_288' title='bbox 1162 3802 1247 3849; x_wconf 92' lang='lat' dir='ltr'>raro.</span> <span class='ocrx_word' id='word_1_289' title='bbox 1276 3782 1374 3864; x_wconf 89' lang='lat' dir='ltr'>Lyco·</span> 
     </span>
     <span class='ocr_line' id='line_1_32' title="bbox 102 3890 1375 3980; baseline -0.001 -25"><span class='ocrx_word' id='word_1_290' title='bbox 102 3891 204 3972; x_wconf 93' lang='lat' dir='ltr'>phron</span> <span class='ocrx_word' id='word_1_291' title='bbox 228 3892 276 3957; x_wconf 90' lang='lat' dir='ltr'>Al.</span> <span class='ocrx_word' id='word_1_292' title='bbox 297 3894 381 3958; x_wconf 75' lang='grc'><strong>1382</strong></span> <span class='ocrx_word' id='word_1_293' title='bbox 405 3896 601 3977; x_wconf 89' lang='lat' dir='ltr'>tragicorum</span> <span class='ocrx_word' id='word_1_294' title='bbox 617 3916 708 3963; x_wconf 91' lang='lat' dir='ltr'>usum</span> <span class='ocrx_word' id='word_1_295' title='bbox 726 3898 882 3980; x_wconf 91' lang='lat' dir='ltr'>sequitur,</span> <span class='ocrx_word' id='word_1_296' title='bbox 908 3915 1009 3978; x_wconf 91' lang='lat' dir='ltr'>aeque</span> <span class='ocrx_word' id='word_1_297' title='bbox 1027 3900 1124 3977; x_wconf 89' lang='lat' dir='ltr'>atque</span> <span class='ocrx_word' id='word_1_298' title='bbox 1141 3890 1375 3973; x_wconf 79' lang='lat' dir='ltr'>Aristophanes</span> 
     </span>
     <span class='ocr_line' id='line_1_33' title="bbox 104 3998 1375 4086; baseline -0.001 -24"><span class='ocrx_word' id='word_1_299' title='bbox 104 3999 229 4065; x_wconf 85' lang='lat' dir='ltr'>Thesm.</span> <span class='ocrx_word' id='word_1_300' title='bbox 255 4001 318 4065; x_wconf 89' lang='grc'>778</span> <span class='ocrx_word' id='word_1_301' title='bbox 343 4019 436 4085; x_wconf 90' lang='lat' dir='ltr'>anap.</span> <span class='ocrx_word' id='word_1_302' title='bbox 464 3999 522 4084; x_wconf 78' lang='grc' dir='ltr'>ἄγε</span> <span class='ocrx_word' id='word_1_303' title='bbox 553 4001 594 4085; x_wconf 77' lang='grc' dir='ltr'>δὴ</span> <span class='ocrx_word' id='word_1_304' title='bbox 624 4004 779 4069; x_wconf 77' lang='grc' dir='ltr'>πινάκων</span> <span class='ocrx_word' id='word_1_305' title='bbox 809 4002 936 4086; x_wconf 85' lang='grc' dir='ltr'>ξεστῶν</span> <span class='ocrx_word' id='word_1_306' title='bbox 967 4001 1110 4068; x_wconf 77' lang='grc' dir='ltr'>δέλτοι.</span> <span class='ocrx_word' id='word_1_307' title='bbox 1158 3998 1375 4066; x_wconf 88' lang='lat' dir='ltr'>Mnesilochus</span> 
     </span>
     <span class='ocr_line' id='line_1_34' title="bbox 103 4103 1373 4194; baseline -0.002 -23"><span class='ocrx_word' id='word_1_308' title='bbox 103 4107 185 4172; x_wconf 92' lang='lat' dir='ltr'>enim</span> <span class='ocrx_word' id='word_1_309' title='bbox 209 4108 374 4190; x_wconf 85' lang='lat' dir='ltr'>Euripidis</span> <span class='ocrx_word' id='word_1_310' title='bbox 394 4110 601 4177; x_wconf 91' lang='lat' dir='ltr'>Palamedam</span> <span class='ocrx_word' id='word_1_311' title='bbox 625 4113 780 4194; x_wconf 87' lang='lat' dir='ltr'>imitatur,</span> <span class='ocrx_word' id='word_1_312' title='bbox 807 4111 844 4178; x_wconf 91' lang='lat' dir='ltr'>cf.</span> <span class='ocrx_word' id='word_1_313' title='bbox 863 4111 985 4193; x_wconf 90' lang='lat' dir='ltr'>Nauck,</span> <span class='ocrx_word' id='word_1_314' title='bbox 1011 4117 1093 4193; x_wconf 90' lang='lat' dir='ltr'>trag.</span> <span class='ocrx_word' id='word_1_315' title='bbox 1112 4109 1225 4175; x_wconf 86' lang='lat' dir='ltr'>Graec.</span> <span class='ocrx_word' id='word_1_316' title='bbox 1241 4103 1373 4188; x_wconf 77' lang='lat' dir='ltr'>fragm.²</span> 
     </span>
     <span class='ocr_line' id='line_1_35' title="bbox 100 4212 1376 4303; baseline 0 -25"><span class='ocrx_word' id='word_1_317' title='bbox 100 4233 131 4295; x_wconf 96' lang='lat' dir='ltr'>p.</span> <span class='ocrx_word' id='word_1_318' title='bbox 150 4214 224 4281; x_wconf 79' lang='lat'>542.</span> <span class='ocrx_word' id='word_1_319' title='bbox 259 4213 355 4281; x_wconf 81' lang='lat' dir='ltr'>Color</span> <span class='ocrx_word' id='word_1_320' title='bbox 379 4222 466 4284; x_wconf 87' lang='lat' dir='ltr'>certe</span> <span class='ocrx_word' id='word_1_321' title='bbox 483 4218 632 4286; x_wconf 91' lang='lat' dir='ltr'>dictionis</span> <span class='ocrx_word' id='word_1_322' title='bbox 648 4221 791 4303; x_wconf 88' lang='lat' dir='ltr'>tragicus</span> <span class='ocrx_word' id='word_1_323' title='bbox 809 4226 867 4287; x_wconf 93' lang='lat' dir='ltr'>est.</span> <span class='ocrx_word' id='word_1_324' title='bbox 904 4219 1010 4285; x_wconf 85' lang='lat' dir='ltr'>Etiam</span> <span class='ocrx_word' id='word_1_325' title='bbox 1025 4218 1058 4283; x_wconf 95' lang='lat' dir='ltr'>in</span> <span class='ocrx_word' id='word_1_326' title='bbox 1075 4216 1220 4282; x_wconf 88' lang='lat' dir='ltr'>Platonis</span> <span class='ocrx_word' id='word_1_327' title='bbox 1237 4212 1376 4296; x_wconf 89' lang='lat' dir='ltr'>epistula</span> 
     </span>
     <span class='ocr_line' id='line_1_36' title="bbox 102 4319 1376 4410; baseline -0.001 -25"><span class='ocrx_word' id='word_1_328' title='bbox 102 4320 206 4387; x_wconf 88' lang='lat' dir='ltr'>altera</span> <span class='ocrx_word' id='word_1_329' title='bbox 228 4342 260 4404; x_wconf 88' lang='lat' dir='ltr'>p.</span> <span class='ocrx_word' id='word_1_330' title='bbox 277 4324 342 4388; x_wconf 80' lang='lat'>312</span> <span class='ocrx_word' id='word_1_331' title='bbox 356 4323 395 4391; x_wconf 93' lang='lat' dir='ltr'>D:</span> <span class='ocrx_word' id='word_1_332' title='bbox 422 4327 595 4408; x_wconf 77' lang='grc' dir='ltr'>φραστέον</span> <span class='ocrx_word' id='word_1_333' title='bbox 619 4325 656 4392; x_wconf 85' lang='grc' dir='ltr'>ὁέ</span> <span class='ocrx_word' id='word_1_334' title='bbox 673 4346 726 4392; x_wconf 89' lang='grc' dir='ltr'>σοι</span> <span class='ocrx_word' id='word_1_335' title='bbox 742 4325 783 4392; x_wconf 78' lang='grc' dir='ltr'>δι’</span> <span class='ocrx_word' id='word_1_336' title='bbox 802 4329 974 4410; x_wconf 74' lang='grc' dir='ltr'>αἰνιγμῶν,</span> <span class='ocrx_word' id='word_1_337' title='bbox 1000 4325 1041 4391; x_wconf 82' lang='grc' dir='ltr'>ἵν’</span> <span class='ocrx_word' id='word_1_338' title='bbox 1069 4321 1110 4389; x_wconf 85' lang='grc' dir='ltr'>ἄν</span> <span class='ocrx_word' id='word_1_339' title='bbox 1133 4341 1165 4389; x_wconf 88' lang='grc' dir='ltr'>τι</span> <span class='ocrx_word' id='word_1_340' title='bbox 1186 4321 1208 4405; x_wconf 80' lang='grc' dir='ltr'><em>ἡ</em></span> <span class='ocrx_word' id='word_1_341' title='bbox 1233 4319 1376 4401; x_wconf 79' lang='grc' dir='ltr'>δέλτος</span> 
     </span>
     <span class='ocr_line' id='line_1_37' title="bbox 101 4425 1374 4520; baseline 0.002 -28"><span class='ocrx_word' id='word_1_342' title='bbox 101 4425 123 4511; x_wconf 82' lang='grc' dir='ltr'>ἢ</span> <span class='ocrx_word' id='word_1_343' title='bbox 148 4429 276 4495; x_wconf 81' lang='grc' dir='ltr'>πόντον</span> <span class='ocrx_word' id='word_1_344' title='bbox 301 4429 322 4514; x_wconf 80' lang='grc' dir='ltr'><em>ἢ</em></span> <span class='ocrx_word' id='word_1_345' title='bbox 346 4434 406 4513; x_wconf 79' lang='grc' dir='ltr'>γῆς</span> <span class='ocrx_word' id='word_1_346' title='bbox 431 4432 467 4498; x_wconf 87' lang='grc' dir='ltr'>έν</span> <span class='ocrx_word' id='word_1_347' title='bbox 483 4441 628 4518; x_wconf 80' lang='grc' dir='ltr'>πτυχαῖς</span> <span class='ocrx_word' id='word_1_348' title='bbox 647 4435 757 4520; x_wconf 73' lang='grc' dir='ltr'>τάιΙῃ,</span> <span class='ocrx_word' id='word_1_349' title='bbox 782 4433 987 4517; x_wconf 81' lang='grc' dir='ltr'>ὀάνογνοὺς</span> <span class='ocrx_word' id='word_1_350' title='bbox 1001 4432 1049 4516; x_wconf 84' lang='grc' dir='ltr'>μὴ</span> <span class='ocrx_word' id='word_1_351' title='bbox 1065 4435 1133 4515; x_wconf 81' lang='grc' dir='ltr'>γνῷ</span> <span class='ocrx_word' id='word_1_352' title='bbox 1150 4449 1255 4499; x_wconf 88' lang='lat' dir='ltr'>sermo</span> <span class='ocrx_word' id='word_1_353' title='bbox 1272 4429 1374 4512; x_wconf 89' lang='lat' dir='ltr'>poeti·</span> 
     </span>
     <span class='ocr_line' id='line_1_38' title="bbox 102 4537 1374 4628; baseline -0.001 -26"><span class='ocrx_word' id='word_1_354' title='bbox 102 4554 158 4603; x_wconf 87' lang='lat' dir='ltr'>cus</span> <span class='ocrx_word' id='word_1_355' title='bbox 175 4543 234 4621; x_wconf 92' lang='lat' dir='ltr'>est,</span> <span class='ocrx_word' id='word_1_356' title='bbox 259 4557 360 4621; x_wconf 89' lang='lat' dir='ltr'>quare</span> <span class='ocrx_word' id='word_1_357' title='bbox 377 4540 487 4624; x_wconf 83' lang='lat' dir='ltr'>Cobet,</span> <span class='ocrx_word' id='word_1_358' title='bbox 512 4541 582 4626; x_wconf 77' lang='grc' dir='ltr'>λον.</span> <span class='ocrx_word' id='word_1_359' title='bbox 600 4543 672 4628; x_wconf 72' lang='lat' dir='ltr'>epp.</span> <span class='ocrx_word' id='word_1_360' title='bbox 692 4548 720 4627; x_wconf 92' lang='grc'>1,</span> <span class='ocrx_word' id='word_1_361' title='bbox 746 4565 778 4628; x_wconf 92' lang='lat' dir='ltr'>p.</span> <span class='ocrx_word' id='word_1_362' title='bbox 796 4548 859 4610; x_wconf 82' lang='lat'>456</span> <span class='ocrx_word' id='word_1_363' title='bbox 873 4564 919 4627; x_wconf 88' lang='lat' dir='ltr'>sq.</span> <span class='ocrx_word' id='word_1_364' title='bbox 945 4543 1081 4610; x_wconf 89' lang='lat' dir='ltr'>coniecit</span> <span class='ocrx_word' id='word_1_365' title='bbox 1097 4540 1258 4608; x_wconf 88' lang='lat' dir='ltr'>senarium</span> <span class='ocrx_word' id='word_1_366' title='bbox 1274 4537 1374 4619; x_wconf 92' lang='lat' dir='ltr'>tragi-</span> 
     </span>
    </p>
   </div>
   <div class='ocr_carea' id='block_1_7' title="bbox 0 0 1598 5062">
    <p class='ocr_par' dir='ltr' id='par_1_8' title="bbox 0 0 1598 5062">
     <span class='ocr_line' id='line_1_39' title="bbox 0 0 1598 5062; baseline 0 0"><span class='ocrx_word' id='word_1_367' title='bbox 0 0 1598 5062; x_wconf 95' lang='lat' dir='ltr'> </span> 
     </span>
    </p>
   </div>
  </div>
 </body>
</html>
