3188 5062
673 254 898 319 ,13-

155 436 307 520 habeant,
332 435 371 503 oi.
387 433 508 519 Πάρις,
532 430 782 515 Σκαμάνδριος,
807 434 997 513 argumenta
1020 434 1096 496 sunt
1112 427 1303 511 gravissima
1319 445 1429 494 vocem

157 543 295 627 αάλμνς
324 547 488 626 receptam
512 560 583 610 esse
612 540 782 622 exaliqua
806 539 944 605 dialecto
969 538 1076 604 Asiae.
1123 536 1203 603 Tum
1226 555 1284 620 per
1307 535 1429 602 iambo·

158 654 298 736 graphas
321 653 355 720 in
378 650 580 736 tragoediam
602 649 700 716 venit.

699 912 888 980 BAAHN.

265 1080 354 1147 Pers.
373 1079 436 1144 658
453 1075 545 1164 (655)
563 1077 648 1143 chor.
664 1074 794 1159 βαλὴν
811 1077 961 1160 ἀρχαῖος,
978 1073 1108 1159 βαλὴν
1125 1065 1185 1156 iric.
1211 1075 1295 1142 ἱκοῦ.
1334 1077 1433 1143 schol.

160 1186 293 1270 βαλῆνα
315 1184 376 1252 ιὸν
398 1183 550 1269 βασιλέα.
590 1182 776 1267 Εὐφορίων
800 1182 838 1248 δὲ
855 1182 1009 1265 Θουρίων
1017 1182 1042 1267 1)
1068 1183 1151 1266 φησὶ
1166 1182 1229 1266 τὴν
1246 1179 1432 1248 διάλεκτον.

161 1292 321 1376 βασιλεὺς
345 1292 433 1358 κατὰ
450 1291 625 1374 Θουρίους.
668 1291 763 1374 Soph.
784 1291 844 1374 frg.
863 1293 927 1356 472
944 1296 1036 1356 metr.
1054 1291 1114 1356 inc.
1134 1291 1175 1355 ἰώ
1197 1288 1326 1374 βαλήν
1349 1290 1436 1373 apud

161 1401 247 1469 Sext.
265 1401 357 1484 Emp.
375 1421 408 1483 p.
422 1402 496 1477 672,
510 1402 567 1465 26:
593 1400 626 1465 ol
647 1397 743 1480 παρὰ
766 1401 815 1481 τῷ
840 1396 1015 1482 Σοφοκλεῖ
1035 1398 1194 1480 ποιμένες
1219 1398 1281 1480 „iol
1302 1395 1432 1481 βαλήν“

161 1507 317 1591 λέγοντες
353 1507 393 1573 ἰὼ
428 1504 568 1590 βασιλοῦ
604 1505 739 1588 λέγουσι
769 1504 936 1588 Φρυγιστὶ.
983 1505 1066 1574 Item
1095 1506 1172 1574 Hcs,
1203 1524 1228 1573 s.
1250 1526 1279 1573 v.
1309 1504 1435 1589 βαλήν·

161 1614 321 1699 βασιλεὺς
345 1613 548 1701 Φρογιστίλ).

269 1721 390 1788 Eadem
413 1742 474 1788 vox
496 1718 611 1804 ιιαλήν
638 1721 760 1804 scripta
791 1725 881 1787 extat
909 1721 942 1785 in
966 1720 1062 1787 titulo
1085 1721 1190 1787 medio
1214 1720 1283 1787 fere
1307 1721 1436 1788 saeculo

163 1832 217 1897 IV.
242 1849 270 1895 a.
287 1828 363 1899 Ohr.
378 1851 411 1896 n.
435 1831 536 1896 inciso
560 1831 646 1912 apud
668 1829 833 1895 Xanthum
857 1829 974 1912 Lyciae
997 1829 1108 1894 urbem
1132 1829 1273 1909 invento,
1310 1827 1436 1909 Kaihel‚

165 1939 266 2022 epigr.
293 1939 348 2005 Gr.
375 1939 449 2005 768.
476 1941 495 2003 6
519 1935 652 2020 ιιαλὴν
676 1935 823 2016 Λυκίων,
852 1939 923 2001 τῶν
946 1935 1019 2001 τότ’
1046 1935 1083 2000 ἐν
1106 1932 1228 2018 ἡλικίᾳ.
1275 1937 1381 2002 Etiam
1406 1938 1437 2001 in

167 2046 284 2128 Cypria
317 2046 528 2128 inscriptione
563 2042 674 2128 βαλήν
707 2045 789 2128 legit
823 2044 878 2111 Six
912 2045 945 2108 in
975 2042 1081 2127 Saycii
1116 2045 1206 2110 novis
1236 2041 1362 2127 Cypriis
1390 2044 1439 2108 in·

165 2154 395 2236 scriptionibus
418 2153 524 2237 Abydi
548 2152 730 2234 Thebisqne
758 2152 897 2218 inventis
927 2171 973 2217 nr.
992 2154 1043 2233 27,
1079 2151 1293 2232 Proceedings
1324 2150 1358 2216 of
1382 2152 1440 2218 the

166 2259 237 2327 Soc.
257 2261 290 2326 ol
303 2260 386 2326 Bibl.
405 2260 498 2327 Arch.
517 2260 577 2326 vol.
592 2260 637 2327 VI
659 2280 691 2342 p.
710 2262 896 2340 209-222,
922 2258 960 2325 cl.
984 2259 1114 2326 Deecke
1138 2259 1224 2342 apud
1247 2259 1442 2324 Bursianum

168 2369 228 2433 vol.
245 2369 288 2431 44
311 2365 425 2454 (1883)
449 2388 480 2450 p.
496 2369 570 2432 271.
605 2368 752 2450 Denique
777 2368 857 2433 satis
880 2367 1094 2450 probabiliter
1117 2364 1232 2448 ιιαλήν
1254 2386 1313 2448 pro
1337 2364 1442 2431 πάλιν

168 2476 201 2539 in
225 2475 455 2555 epigrammate
480 2475 657 2558 Byzantina
683 2476 723 2540 ad
742 2475 892 2557 Aeschyli
916 2475 1033 2540 Persas
1057 2474 1220 2554 adscripto
1245 2471 1354 2558 (Anth.
1372 2474 1441 2541 Pal.

169 2581 230 2648 vol.
248 2581 296 2645 III
320 2583 369 2647 ed.
387 2583 494 2648 Didot.
510 2583 555 2648 IV
572 2583 650 2663 848)
675 2583 862 2648 restitutum
886 2587 950 2648 est:
987 2578 1114 2664 Ξέρξης
1144 2578 1182 2645 ‹le'
1208 2579 1324 2663 ιιαλὴν
1347 2577 1444 2646 ‹leole›

171 2685 334 2770 ἡττηθεὶς
355 2688 479 2770 μάχαις
503 2687 541 2755 cf.
565 2709 594 2755 v.
618 2689 823 2769 Herwerdem
849 2690 932 2756 stud.
958 2689 991 2753 in
1015 2690 1117 2771 epigr.
1143 2690 1196 2756 Gr.
1222 2709 1253 2771 p.
1272 2691 1323 2754 80.

277 2795 338 2861 Vel
362 2798 542 2878 scripturae
558 2798 716 2863 varietate
741 2797 980 2861 demonstratur
996 2815 1104 2861 vocem
1119 2793 1230 2878 βαλήν
1247 2795 1314 2861 sive
1330 2794 1445 2877 ιιαλήν

173 2922 236 2968 non
260 2921 332 2968 esse
349 2902 515 2970 Graecam.
555 2904 728 2986 Phrygiam
752 2903 830 2968 dicit
854 2902 936 2969 Sext
958 2903 1049 2985 Emp.
1073 2902 1211 2968 fortasse
1235 2909 1332 2984 recte,
1358 2910 1446 2969 certe

164 3008 350 3092 Asiatica³)
375 3009 446 3092 init,
476 3012 511 3076 id
534 3012 618 3093 quod
643 3012 758 3076 titulus
782 3030 909 3094 quoqne
932 3011 1094 3077 Xanthius
1117 3011 1235 3093 probat
1259 3030 1317 3077 nec
1339 3011 1445 3077 minus

176 3116 325 3200 Cyprius,
361 3118 389 3182 si
424 3119 553 3200 quidem
587 3124 676 3185 recte
710 3120 963 3201 interpretamur
996 3119 1135 3184 litteras.
1191 3119 1311 3196 Quodsi
1346 3118 1444 3184 schol.

175 3225 324 3307 Aeschyli
348 3225 393 3289 de
404 3225 532 3291 Thuriis
548 3227 646 3292 verba
670 3225 757 3306 facit,
783 3227 851 3292 sive
867 3245 957 3291 error
975 3231 1026 3291 est
1042 3226 1109 3291 sive
1124 3227 1241 3291 menda
1256 3228 1446 3307 scripturae,

176 3350 253 3398 sane
271 3328 457 3395 ΦΡΥΙὨΝ
475 3332 508 3397 in
527 3329 728 3397 ΘΟΥΡΙΩΝ
746 3333 832 3398 hand
856 3330 987 3398 difficile
1003 3333 1110 3415 potuit
1125 3334 1295 3415 corrumpi.
1332 3333 1447 3410 Quam·

177 3457 272 3521 quam
288 3444 396 3504 autem
412 3440 506 3505 hodie
522 3459 581 3505 vox
597 3437 707 3522 βαλήν
722 3442 755 3506 in
772 3441 954 3506 litterarum
967 3439 1146 3506 Ionicarum
1163 3441 1308 3522 reliquiis
1320 3458 1383 3504 non
1396 3458 1449 3506 oc·

172 3546 287 3627 currit,
311 3548 364 3612 vix
387 3551 496 3613 tamen
520 3548 616 3613 aliter
639 3549 672 3613 in
696 3548 897 3631 tragoediam
920 3548 1030 3615 venire
1053 3549 1159 3630 potuit
1182 3548 1244 3612 nisi
1266 3566 1326 3629 per
1344 3547 1447 3613 lones.

177 3687 389 3698 ————

285 3765 308 3834 1]
335 3765 442 3835 Kaibel‚
460 3765 512 3835 frg.
533 3784 600 3821 com.
620 3767 745 3822 Graecl
763 3767 882 3836 glossam
900 3769 972 3823 inter
990 3769 1116 3824 Italiotas
1135 3786 1189 3824 non
1207 3769 1319 3839 recepit.

284 3853 307 3925 λ)
332 3855 434 3910 Eadem
453 3855 578 3910 doctrina
595 3857 720 3911 abutitur
738 3855 838 3927 [Plut]
857 3857 890 3910 de
908 3857 1000 3911 fluviis
1020 3860 1060 3913 12.

284 3942 308 4014 ³)
335 3945 369 3999 de
396 3945 502 4012 origine
530 3962 627 3998 vocum
653 3945 762 4016 πάλμνς
785 3949 813 3999 et
840 3945 922 4015 βαλήν
950 3947 985 4001 cf.
1005 3946 1098 4018 Sayce,
1126 3947 1320 4002 Transaclions
1348 3946 1379 4000 of
1403 3946 1450 4001 the

179 4032 211 4085 R.
231 4032 290 4087 Soc.
310 4032 341 4086 of
356 4033 427 4088 Bibl.
447 4033 529 4087 Arch.
548 4034 587 4088 IX
605 4051 632 4104 p.
647 4037 706 4091 117.
