3188 5062
764 268 982 331 -44..

234 450 348 528 poetas
371 443 589 527 metaphorice
611 450 788 530 usurpatur
811 452 939 514 servato
963 466 1059 514 seusu
1085 468 1164 531 „par
1186 448 1219 516 in
1235 454 1404 534 utramque
1428 469 1506 535 par·

235 559 331 619 tem“.
367 553 462 636 Soph.
489 553 566 620 Oed.
581 559 643 636 tyr.
663 555 747 620 1243
765 554 850 622 trim.
875 554 986 637 κόμην
1002 558 1113 620 σπῶσ’
1138 554 1347 639 ἀμφιδεξίοις
1369 556 1506 640 ἀκμαῖς.

235 660 314 726 Ocd.
340 660 406 727 001.
434 660 518 725 1112
542 659 627 726 trim.
651 660 796 743 έρείσατ’
814 715 821 728 .
840 710 847 726 .
864 659 1013 744 πλευρὸν
1038 660 1235 745 ἀμφιδέξιον
1255 663 1260 749 Ι
1281 663 1431 748 έμφύντε
1454 669 1506 750 τῷ

237 769 391 851 φύσαντα.
438 769 548 850 Eurip.
577 768 676 850 Hipp.
701 771 766 835 780
789 769 874 836 trim.
912 767 1110 852 ἀμφιδέξιον
1135 768 1284 854 σίδηρον.
1334 772 1393 856 frg.
1420 779 1506 858 trag.

235 877 343 958 adesp.
370 877 481 942 355.2
506 876 591 941 trim.

418 980 501 1067 (A).
540 983 628 1065 πρὸς
650 982 742 1065 δῆλα
765 985 855 1050 νεύει
876 983 1011 1066 μᾶλλον
1032 984 1055 1068 ἢ
1079 985 1134 1050 έπὶ
1157 983 1321 1068 τάρσενα;

423 1086 503 1174 (Β).
544 1089 632 1157 ὅπου
656 1095 789 1174 προσῆν
813 1091 852 1156 τὸ
875 1091 1012 1173 κάλλος,
1037 1090 1243 1175 ἀμφιδέξιος.

340 1198 378 1263 In
402 1198 546 1280 pedestri
570 1199 715 1265 oratione
740 1203 831 1266 extat
853 1201 939 1281 apud
958 1200 1200 1282 Hippocratem,
1225 1200 1285 1283 άφ.
1303 1202 1372 1268 VH.
1391 1204 1444 1284 43,
1469 1203 1505 1268 L.

234 1304 289 1370 IV.
309 1307 382 1371 588.
417 1305 499 1388 γυνη
524 1303 720 1389 ἀμφιδέξιος
743 1306 784 1372 οὔ
808 1308 941 1389 γίνεται.
990 1307 1077 1386 Quae
1100 1310 1200 1374 verba
1222 1327 1282 1390 pcr
1310 1327 1344 1375 se
1369 1308 1507 1376 obscura

235 1413 398 1480 Baccheus
422 1415 508 1496 apud
530 1413 731 1494 Erotiauum
754 1434 786 1497 p.
804 1417 855 1480 43.
874 1416 892 1479 3
917 1415 964 1481 sio
988 1415 1141 1497 explicat:

340 1519 506 1603 Βακχεῖύς
531 1539 635 1604 φησιν
655 1520 949 1605 ἀμφοτεροδέξιος,
975 1521 1024 1602 ὡς
1040 1520 1202 1605 ἀμφήκης
1218 1521 1237 1587 ὁ
1254 1520 1509 1605 ἀμφοτέρωῦεν

235 1627 455 1711 ἠκονημένας.
489 1628 597 1712 σαφὲς
620 1626 653 1693 δ’
674 1627 757 1693 αὔτὸ
781 1635 874 1694 ποιεῖ
896 1628 915 1694 ὁ
938 1627 1127 1712 Εὐριπίδης
1150 1629 1186 1694 ἐν
1207 1628 1396 1712 Ἱππολύτῳ
1420 1631 1507 1714 (vide

236 1734 346 1817 supra)
376 1733 485 1816 λέγων
513 1733 712 1819 ἀμφιδέξιον
742 1734 881 1819 σίδηρον
905 1734 981 1802 ἀντί
1003 1740 1064 1802 τού
1088 1734 1304 1821 έκατέρωδεν
1327 1737 1506 1819 τέμνοντα.

235 1839 309 1907 άδέ
329 1839 551 1925 Ἱπποκράτης
567 1841 630 1907 οὔκ
645 1842 701 1907 έπί
715 1846 777 1908 τοῦ
794 1842 985 1926 ἀμφηκονς,
1010 1843 1089 1909 ἀλλ’
1108 1845 1173 1910 ἐπὶ
1193 1848 1264 1910 τού
1282 1843 1508 1927 εὔχρηστον

235 1947 366 2015 τίῦεται
388 1951 475 2015 κατ’
502 1948 713 2033 ἀμφότερα
736 1949 785 2015 τά
807 1952 919 2034 μέρη.
957 1949 1105 2018 διδάσκει
1129 1950 1167 2017 δέ
1184 1953 1240 2017 καί
1260 1951 1278 2020 ὅ
1299 1950 1445 2034 ποιητὴς
1467 1949 1508 2016 τὸ

233 2057 281 2140 μη
305 2055 388 2123 καῦ’
414 2055 451 2121 ἓν
472 2056 580 2139 μόνον
602 2058 707 2140 μέρος
729 2055 916 2141 εὔχρηστον
937 2056 1169 2141 περιδέξιον
1192 2056 1310 2140 λέγων.
1357 2055 1403 2146 (Φ
1421 2055 1508 2144 163.)

234 2163 328 2246 ἥρως
356 2161 609 2247 Ἀστεροπαῖος,
638 2163 711 2229 ἐπεὶ
738 2162 922 2247 περιδέξιος
947 2165 1016 2249 ἦεν.
1065 2164 1192 2247 ὁμοίως
1215 2163 1313 2231 καὶὸ
1343 2162 1512 2246 Ἱππῶνάξ

237 2271 309 2354 (frg.
328 2274 380 2339 83.
399 2271 431 2356 2)
464 2288 580 2355 φησιν·
621 2269 817 2354 ἀμφιδέξιος
847 2273 909 2354 γάρ
939 2273 1004 2355 εἰμι
1031 2272 1114 2356 κοῦχ
1144 2272 1331 2355 ἁμαρτάνω
1357 2272 1508 2338 κόπτων.

235 2379 402 2461 μέμνηται
424 2380 481 2443 καί
509 2376 693 2462 Ἡρόδοτος
714 2383 776 2461 τῆς
798 2377 936 2460 λέξεως·
980 2381 1030 2465 (V.
1051 2383 1092 2444 92
1106 2382 1144 2465 ε.)
1176 2378 1349 2465 <liceretur
1378 2378 1508 2459 ἐγένετο

237 2482 435 2568 ἀμφιδέξιον
459 2487 664 2569 χρηστήριον
688 2485 724 2550 ἐν
748 2484 941 2569 Δελφοῖσι>.
982 2484 1036 2551 δεῖ
1059 2485 1120 2552 οὔν
1152 2487 1287 2552 ἀκούειν
1310 2489 1371 2551 τοῦ
1401 2484 1509 2551 Ἱππο-

235 2591 382 2673 κράτους
405 2589 572 2672 ίέχοντος,
602 2590 653 2657 ὅτι
675 2593 758 2675 γυνη
782 2599 860 2658 κατ’
885 2593 1064 2677 ἀμφότερα
1087 2593 1129 2658 τὰ
1152 2594 1238 2677 μέρη
1262 2596 1323 2658 τού
1348 2593 1509 2676 σώματος

236 2697 298 2762 οὔκ
326 2696 416 2763 ἔστιν
439 2696 632 2782 εὔχρηστος.
672 2699 713 2764 οὔ
736 2699 799 2781 χάρ
816 2698 1000 2783 εὔχρηστος
1015 2700 1052 2765 έν
1068 2704 1117 2783 τῷ
1135 2700 1281 2782 ἐνεργεῖν
1296 2697 1374 2779 ἐστι,
1399 2698 1508 2765 καῦἀ-

235 2824 298 2887 περ
322 2803 446 2870 πολλοὶ
468 2808 538 2870 τῶν
562 2803 708 2887 ἀνδρῶν.
751 2803 825 2871 ὁδέ
841 2804 1010 2888 Γλαυκίας
1034 2807 1147 2890 φησὶν,
1172 2804 1286 2871 ὅτιτὸ
1311 2803 1509 2888 ἀμφιδέξιον

235 2911 326 2976 οὔτω
352 2912 418 2995 χρη
446 2911 590 2992 ἀκούειν,
621 2912 670 2993 ὡς
698 2914 745 2994 είς
773 2912 816 2977 τά
844 2911 934 2995 δεξιά
959 2915 1045 2997 μέρη
1070 2918 1131 2996 τῆς
1153 2913 1298 2995 ἀστέρας
1322 2911 1362 2977 οὔ
1385 2914 1509 2994 γίνεται

236 3024 424 3100 γυναικεῖον
448 3023 548 3102 σῶμα
571 3018 627 3085 διὰ
649 3019 688 3085 τὸ
710 3009 830 3102 τὰμὲν
847 3018 974 3103 ἀρρενα
990 3020 1026 3085 ἐν
1042 3026 1115 3102 τοῖς
1130 3018 1260 3102 δεξιοῖς,
1285 3018 1328 3084 τὰ
1344 3018 1382 3085 δέ
1396 3017 1509 3110 chritso

236 3125 273 3190 έν
302 3131 376 3207 τοῖς
407 3125 606 3210 ἀριστεροῖς.
653 3127 744 3210 πλην
773 3127 835 3192 οὔκ
864 3125 982 3209 ὀρδῶς
1010 3126 1223 3211 ἀπεφήνατο.
1269 3128 1346 3206 πῶς
1371 3124 1434 3208 γάρ
1465 3123 1508 3208 ἦν

236 3230 360 3316 δίδυμα
382 3232 403 3315 ἢ
428 3232 574 3317 τρίδομα
596 3238 717 3318 γεννᾷν
740 3235 803 3318 τὴν
825 3240 969 3316 γυναῖκα
976 3256 988 3315 ,·

340 3342 505 3420 Quomodo
539 3344 654 3410 mulier
684 3344 789 3427 possit
820 3344 927 3410 vocari
961 3361 1040 3425 „par
1075 3343 1108 3407 in
1144 3347 1314 3424 utramque
1348 3344 1507 3424 partem,

197 3506 200 3510 .
235 3448 299 3513 iam
334 3450 475 3531 antiquis
510 3451 641 3517 dubium
674 3451 750 3532 fuit,
792 3450 828 3516 cf.
858 3450 945 3518 Sext.
971 3450 1042 3515 adr.
1072 3450 1135 3530 log.
1163 3449 1188 3515 I.
1216 3450 1267 3530 50,
1307 3448 1391 3514 Plut.
1427 3467 1507 3515 mor.

96 3546 97 3550 ’
234 3575 266 3638 p.
285 3557 402 3636 90513,
431 3557 528 3623 aliter
557 3556 669 3624 Galen.
694 3565 771 3623 tom.
795 3559 948 3624 XVIII.1
974 3576 1005 3638 p.
1026 3560 1087 3621 141
1112 3556 1236 3639 (Kiihn)
1265 3556 1298 3620 in
1330 3556 1509 3622 commod

235 3665 293 3729 loc.
311 3664 464 3745 Hippocr.
490 3669 524 3729 et
547 3665 579 3729 in
602 3665 664 3731 lex.
688 3665 842 3747 Hippocr.
880 3665 918 3730 Id
940 3683 999 3746 pro
1024 3670 1112 3730 certo
1137 3682 1207 3729 cum
1223 3663 1368 3729 Baccheo
1393 3664 1507 3728 statui·

235 3790 306 3836 mus
329 3789 439 3836 vocem
464 3769 660 3855 ἀμφιδέξιος
683 3773 802 3838 tralato
826 3771 1008 3853 significare
1032 3769 1217 3854 εὔχρηστον
1233 3771 1310 3835 κατ’
1330 3766 1509 3852 ἀμφότερα

235 3876 278 3942 τά
300 3877 396 3960 μέρη.

343 3985 412 4050 Vox
434 3986 467 4049 in
490 3985 676 4051 hexametro
700 3985 803 4051 iocum
828 4004 891 4050 non
915 3985 1013 4051 habet
1035 3990 1170 4068 propter
1188 4002 1380 4065 mensuram,
1406 4001 1507 4065 quare

236 4093 411 4159 Homerum
433 4092 538 4158 minus
562 4098 712 4158 accurate
734 4090 920 4175 περιδέξιος
943 4093 1062 4159 dixisse
1085 4097 1211 4174 putant.
1259 4093 1350 4171 Quod
1374 4090 1511 4157 vocabu-

236 4201 301 4265 lum
326 4201 512 4283 ceteroquin
535 4202 592 4265 aut
612 4197 706 4281 μάλα
726 4197 834 4281 δεξιόν
857 4198 1028 4283 significat,
1051 4201 1139 4266 velut
1162 4200 1327 4282 Aristoph.
1351 4198 1426 4264 nuh.
1444 4200 1508 4262 949

237 4307 321 4374 chor.
347 4309 409 4370 νῦν
433 4304 578 4387 δείξετον
601 4305 651 4371 τὼ
681 4306 813 4371 πισύνω
841 4311 915 4387 τοῖς
938 4303 1150 4388 περιδεξίοισι
1173 4305 1303 4388 λόγοισι
1325 4307 1381 4371 καί
1405 4326 1509 4389 φρον-

236 4415 302 4479 τίσι
421 4402 478 4480 aut
503 4414 551 4494 id,
586 4413 672 4496 quod
695 4414 772 4496 περὶ
794 4417 835 4495 τῇ
861 4411 950 4495 δεξιᾷ
980 4415 1114 4495 geritur,
1146 4415 1320 4495 armillam,
1351 4419 1388 4480 ut
1410 4414 1508 4481 LXX.

236 4520 335 4586 Exod.
352 4523 404 4586 35.
422 4523 474 4603 22,
499 4521 592 4588 Num.
610 4522 662 4588 31.
680 4523 731 4602 50,
756 4522 817 4588 Ιοε.
834 4521 863 4586 3.
881 4522 932 4602 20,
957 4521 1062 4588 Flind·
1074 4522 1184 4588 Petrie
1207 4522 1285 4604 Pap.
1300 4521 1343 4605 ΙΙ,
1365 4542 1508 4605 prooem.
