3188 5062
696 278 914 340 „49-

273 455 411 519 Maxime
446 473 521 518 vcro
557 455 590 518 in
624 473 685 518 usu
716 459 765 519 est
789 454 876 536 apud
900 453 1061 534 pedestris
1086 452 1243 518 orationis
1268 453 1445 534 scriptores

166 562 334 627 Ionicos:
366 562 485 626 Herod.
506 561 561 627 IV.
579 563 641 625 156
664 559 750 643 μετὰ
775 558 812 625 όὲ
836 558 929 642 αὐτῷ
954 580 991 623 τε
1013 559 1126 640 τούτῳ
1150 560 1303 639 καὶτοῖς
1327 558 1444 641 ἄλλοις

169 665 342 749 Θηραίοισι
385 668 591 750 συνεφέρετο
632 666 847 748 παλιγκότως
900 672 1032 748 ,postea
1071 666 1120 730 illi
1159 667 1223 748 ipsi
1264 669 1444 750 ceterisque

169 775 322 840 Thoracis
347 775 481 841 adverse
503 775 650 856 accidit“,
676 793 734 840 nec
750 794 825 840 vero
842 775 1030 840 vertendum
1048 779 1107 854 cst,
1132 773 1166 837 id
1182 775 1269 855 quod
1283 773 1444 858 Schweig-

166 882 284 946 htuser
304 883 337 946 in
358 881 418 946 len.
435 881 555 946 Herod.
580 901 611 963 p.
631 883 694 946 279
718 880 805 960 fecit,
833 901 955 964 ,nova
977 881 1063 947 mala
1078 883 1111 946 in
1128 899 1182 947 eos
1199 882 1444 960 incubuerunt“‚

164 994 201 1052 ut
238 1008 276 1054 ex
308 994 458 1053 contextu
485 987 579 1053 facile
604 990 818 1072 cognoscitur.
865 991 959 1072 Apud
983 990 1215 1071 Hippocratem
1239 987 1443 1071 παλίγκοτος

166 1114 237 1160 eum
274 1101 393 1160 statum
428 1094 532 1159 morbi
566 1096 696 1169 indicat,
733 1097 789 1162 ubi
818 1097 996 1179 periculum
1025 1097 1181 1161 imminet.
1225 1097 1442 1178 Repetitionis

164 1203 212 1266 vis
240 1221 280 1266 ne
309 1202 359 1266 his
391 1201 519 1283 quidem
554 1201 633 1267 locis
661 1204 761 1283 inest,
791 1204 831 1269 de
860 1222 923 1285 qua
955 1203 1155 1284 grammatici
1183 1202 1283 1268 verba
1306 1202 1439 1284 faciunt,

165 1307 202 1374 cf.
232 1309 322 1375 Erot.
351 1328 383 1389 p.
410 1309 522 1372 106.8
565 1306 891 1390 παλιγκοτωτάτοις·
941 1306 1236 1391 φιλοποστρόφοις
1272 1310 1442 1392 νοσήμασι

164 1416 205 1480 ad
236 1411 321 1478 ἐπιό.
345 1412 382 1497 β’
403 1415 442 1480 II.
468 1418 521 1496 24,
551 1416 586 1480 L.
610 1416 648 1482 V.
675 1418 730 1481 96:
770 1413 879 1499 βραχὺ
911 1414 948 1481 ὁέ
976 1433 1008 1479 τι
1030 1415 1181 1480 τουτέων
1210 1419 1298 1480 τοῖσι
1324 1414 1441 1498 παλιγ-

163 1521 386 1586 κοτωτάτοισι
419 1521 589 1604 κρόταφοι
622 1519 761 1604 όερμοί;
799 1525 882 1593 vide.
907 1522 1019 1589 Galen.
1041 1523 1103 1588 vol.
1127 1523 1244 1589 XVIH.
1270 1523 1289 1582 2
1318 1543 1349 1604 p.
1374 1527 1440 1588 464

164 1611 286 1712 (Kuhn)
316 1627 358 1692 τὰ
385 1627 543 1710 κακοήιλη
567 1626 760 1711 παίλημοτα
787 1629 975 1711 παλίγκοτα
1005 1627 1105 1695 καλεῖ
1129 1630 1187 1694 καὶ
1214 1628 1253 1694 τὸ
1282 1628 1440 1711 παλίγκο-

165 1735 290 1797 σαίνειν
324 1731 364 1797 τὸ
400 1732 475 1797 οἷον
509 1731 614 1798 πάλιν
647 1732 934 1816 κακοηόεόεσόαι.
983 1737 1138 1802 Similiter
1168 1736 1323 1817 Hippocr.
1352 1734 1439 1801 ἐπιό.

164 1837 196 1904 δ’
219 1842 271 1919 20,
297 1841 332 1905 L.
351 1841 388 1905 V.
408 1840 471 1903 160
506 1837 524 1902 ὁ
554 1838 623 1904 ἀπὸ
658 1844 719 1905 τοῦ
753 1843 922 1924 κεραμέον
960 1841 1060 1906 ἲπνον
1095 1842 1310 1922 καταπεσών,
1347 1840 1441 1924 otoo

163 1943 386 2028 προσεβληιλη
412 1945 533 2011 αὐτίκα
557 1947 664 2028 σικόη,
690 1947 822 2030 ἐκαόόη
839 1947 917 2029 ἔσω,
942 1949 999 2013 καὶ
1014 1950 1147 2032 εἰκοστῇ
1164 1946 1439 2031 ἐπαλιγκότησεν,

161 2055 240 2117 item
264 2074 334 2135 γον.
351 2051 389 2135 β’
406 2056 479 2136 171,
503 2054 537 2117 L.
555 2054 641 2119 VIII.
660 2056 733 2118 350.
768 2056 931 2138 Imprimis
947 2057 980 2120 in
1000 2054 1162 2140 fracturis,
1188 2073 1259 2120 cum
1274 2057 1372 2121 tertIo
1389 2056 1440 2120 vel

162 2166 277 2242 quarto
306 2162 358 2226 die
388 2161 624 2242 ingravescant,
653 2160 894 2245 πολιγκότησις
923 2170 1066 2229 vocatur.
1115 2181 1151 2229 π.
1178 2159 1279 2244 ἄρόρ.
1306 2161 1379 2247 ἐμβ.
1398 2165 1439 2229 67

162 2267 201 2331 II.
222 2269 295 2332 220.
314 2269 333 2333 3
358 2268 437 2333 Κίον.
455 2273 640 2350 τεταρταῖα
662 2266 725 2350 γὰρ
750 2268 846 2333 ἰόντα
870 2269 1082 2353 ἐπισημαίνει
1104 2273 1182 2351 τῇσι
1204 2268 1440 2352 παλιγκατίησι

164 2371 326 2454 μάλιστα;
359 2375 455 2438 simil.
479 2373 576 2457 μοχλ.
595 2376 736 2453 30-31,
754 2376 795 2440 II.
813 2379 887 2441 261.
907 2378 959 2457 21,
978 2378 1052 2441 262.
1070 2377 1101 2458 3,
1119 2378 1157 2439 21
1177 2374 1257 2457 Klw,
1282 2397 1317 2442 π.
1335 2373 1437 2458 spuo,
1562 2454 1565 2459 ¹

163 2478 237 2562 ἐμβ.
263 2483 315 2559 27,
339 2481 472 2547 11145,
494 2484 512 2544 7
537 2481 616 2561 Klw,
640 2502 674 2548 π.
698 2478 774 2563 ᾶγγι.
794 2486 844 2563 11,
869 2482 911 2548 Π.
930 2485 980 2546 65.
1000 2484 1050 2558 19,
1067 2484 1120 2565 22,
1146 2485 1197 2550 66.
1216 2487 1245 2559 5,
1270 2482 1392 2547 8Κ1ο.

264 2589 391 2654 Mature
426 2597 534 2654 autem
565 2589 813 2654 intermortuam
843 2591 971 2655 videtur
994 2588 1095 2655 fuisse
1118 2588 1309 2654 vocabulum
1332 2607 1436 2672 neque

162 2694 193 2758 in
231 2695 348 2776 κοινήν
381 2700 557 2778 receptum.
614 2696 705 2774 Quod
740 2703 856 2778 poetae
886 2697 1104 2777 Alexandrini,
1140 2696 1272 2763 Theoor.
1301 2699 1353 2762 22.
1383 2700 1435 2780 58,

160 2800 281 2867 Mosch.
300 2807 330 2882 4,
347 2804 389 2866 92
414 2803 454 2867 al.
480 2822 518 2868 eo
541 2807 686 2884 utuntur,
711 2804 925 2870 imitationem
948 2805 1078 2870 ueteris
1092 2804 1198 2884 poesis
1222 2805 1340 2886 prodit.

262 2907 478 2989 παλίγκοτος,
503 2916 539 2974 ut
563 2911 673 2975 uidere
696 2910 784 2989 licet,
809 2911 841 2975 in
866 2930 926 2977 usu
951 2917 1001 2975 est
1025 2911 1111 2992 apud
1134 2911 1229 2975 Iones
1246 2918 1279 2975 et
1294 2913 1436 2994 tragicos

158 3033 217 3079 nec
240 3033 305 3080 non
328 3014 445 3108 lyricos
468 3023 592 3098 poetas.
633 3017 680 3080 Ex
701 3017 741 3080 iis
758 3024 875 3096 autem,
901 3037 983 3100 quae
999 3018 1039 3082 de
1055 3019 1233 3100 veriloquio
1251 3009 1435 3098 disputave-

158 3129 233 3186 runt
257 3121 443 3204 (Prelluita,
469 3129 564 3205 etym.
582 3123 742 3190 Wtrterb.
767 3144 792 3190 s.
809 3144 837 3189 v.
854 3122 1060 3205 παλίγκοτος
1076 3130 1109 3190 et
1123 3123 1234 3205 κότος,
1259 3124 1294 3188 L.
1313 3125 1434 3208 Meyer,

159 3248 206 3310 gr.
225 3229 329 3311 Etym.
347 3228 372 3310 Ι,
397 3249 429 3312 p.
447 3230 512 3312 315
529 3251 553 3297 s.
567 3250 595 3295 v.
613 3228 814 3310 ἀλλόκοτος)
839 3232 970 3297 dubium
993 3250 1057 3296 non
1080 3237 1139 3311 est,
1164 3233 1241 3313 quin
1265 3232 1309 3297 sit
1331 3229 1436 3296 πόλιν

157 3334 268 3415 κότος,
294 3338 357 3402 etsi
380 3356 539 3420 nusquam
562 3357 677 3402 revera
700 3336 861 3419 significat
886 3339 1024 3419 ,iterum
1040 3338 1211 3422 iratus“²)‚
1236 3340 1293 3404 sed
1310 3338 1434 3419 simpli-

159 3443 240 3507 citer
264 3445 525 3520 ,adversarius“.
565 3444 737 3510 Notionem
753 3446 853 3528 Igitur
868 3445 1073 3527 repetitionis
1088 3465 1149 3510 usu
1163 3453 1320 3528 perpetuo
1337 3445 1434 3527 plane

157 3548 293 3628 periisse
316 3552 470 3631 videmus
497 3550 534 3616 cf.
564 3552 649 3617 Suid.
676 3549 896 3631 παλίγκοτος·
928 3548 1070 3634 ὀργίλος,
1096 3551 1248 3634 στυγνὸς,
1274 3549 1431 3635 φοβερὸς,

158 3653 311 3737 ἐναντίος
327 3655 397 3721 κτλ.
423 3658 493 3723 sim.
509 3657 646 3740 Hesych.
670 3659 756 3738 Ideo,
783 3658 869 3741 quod
892 3659 989 3722 ctiam
1013 3659 1046 3722 in
1065 3658 1127 3722 hoc
1141 3659 1296 3724 uocabulo
1319 3675 1432 3724 sensus

157 3762 314 3842 peculiari
337 3765 466 3846 modo²l
490 3771 633 3831 mutatus
658 3773 718 3845 est,
743 3784 862 3846 vocem,
888 3783 959 3831 cum
983 3766 1015 3829 in
1032 3784 1092 3830 usu
1108 3765 1208 3831 fuerit
1224 3766 1310 3846 apud
1324 3764 1442 3847 Ionesr,

157 3873 191 3932 et
213 3870 356 3950 tragicos
379 3871 562 3954 lyricosque
585 3878 711 3956 poetas,
734 3873 862 3938 Ionicae
892 3872 1117 3936 consuetudini
1139 3872 1356 3938 vindicamus..

263 4171 285 4240 1)
305 4168 399 4224 Lexici
410 4171 548 4226 interdum
560 4172 631 4226 hanc
640 4173 792 4226 versionem
804 4171 945 4241 praebent,
959 4171 1036 4225 cuius
1049 4171 1110 4226 fons
1122 4171 1181 4226 sola
1192 4171 1432 4240 grammaticorum

155 4263 279 4312 ueterum
298 4259 424 4313 doctrIna
442 4265 485 4314 ost
500 4261 634 4331 (Erotion.
649 4261 744 4315 Galen.
758 4261 852 4330 Soio).
882 4261 1050 4330 Scriptorum
1068 4261 1124 4315 loci
1142 4277 1201 4314 eam
1220 4260 1287 4315 satis
1300 4258 1429 4316 refutant.

263 4347 284 4416 ³)
304 4348 392 4401 Simili
410 4350 517 4403 ratione
536 4350 565 4403 in
579 4351 716 4404 Germana
733 4350 829 4418 lingua
843 4350 974 4416 „wieder“
989 4350 1112 4418 (iterum)
1130 4348 1232 4403 factum
1251 4353 1293 4403 est
1313 4348 1429 4413 „uidor“

156 4435 318 4504 (adversus),
346 4453 415 4505 quae
442 4454 498 4491 uno
526 4437 673 4507 eadamque
700 4455 752 4491 uox
782 4442 831 4494 cst.
868 4437 949 4491 πάλιν
974 4437 1002 4491 in
1023 4437 1126 4492 Graeco
1149 4453 1272 4492 sermone
1294 4453 1430 4508 nusquam

156 4524 223 4577 alibi
241 4541 350 4578 sensum
369 4528 499 4580 contrarii
519 4527 650 4596 praebere
669 4526 784 4583 videtur.

208 4611 279 4664 Aly,
294 4613 327 4655 De
342 4613 448 4666 Aeschyli
462 4615 523 4667 copia
536 4615 661 4660 verborum.
1233 4619 1249 4670 4
