3188 5062
645 275 865 338 ..17-

117 451 265 537 ἀρβάλη·
300 455 448 537 τήγανον
484 448 685 535 ὀστράκιναν
718 451 919 537 Ταραντῖνοι
953 453 1029 518 Hes.
1058 453 1092 517 in
1115 454 1255 521 Kaibelii
1278 455 1391 536 fragm.

117 580 196 628 com.
215 560 329 626 Graec.
355 560 398 644 gl.
416 562 457 624 76
482 579 584 643 nuque
610 556 769 642 ἄρμαλα·
805 560 985 643 ἀρτύματα
1010 557 1175 642 Ἀρκάδες,
1200 563 1256 627 καὶ
1279 562 1393 646 ἀρμώ-

112 666 208 750 μαλα
242 669 320 734 Hes.
350 668 384 732 in
411 665 595 732 Hoffmanni
625 667 680 733 Gr.
706 668 780 734 dial.
807 668 823 732 I
846 687 877 750 p.
894 671 953 733 101
981 686 1085 750 neque
1114 664 1316 751 ἀρύβαλλος,
1354 669 1392 737 cf.

109 774 283 855 Pretium,
309 775 362 840 Et.
381 774 504 840 worth.

220 882 426 948 Testimoniis
455 899 553 962 supra
582 879 691 945 allatis
721 881 961 946 demonstratur
983 899 1092 947 vocem
1117 879 1248 964 ἀρβύλη
1272 884 1305 948 in
1329 903 1389 949 usu

115 987 214 1054 fuisse
251 991 337 1071 apud
361 988 497 1072 Cyprios
527 992 560 1053 et
582 987 692 1069 Iones,
728 988 760 1052 in
789 989 913 1070 tragica
942 989 1081 1054 dictione
1110 995 1143 1053 et
1167 990 1252 1072 apud
1275 998 1390 1073 poetas

56 1164 59 1169 Δ
115 1097 357 1162 Alexandrinos.
405 1096 486 1162 Fere
521 1096 621 1160 isdem
658 1096 759 1179 igitur
789 1093 906 1160 linibus
938 1095 1007 1160 eius
1029 1100 1132 1181 §atque
1156 1098 1242 1162 vocis
1271 1095 1391 1178 δέλτος

113 1222 190 1284 usus
215 1205 475 1286 circumscriptus
500 1208 564 1280 est;
588 1222 647 1270 nec
670 1204 773 1287 magis
798 1203 867 1268 eins
882 1203 1094 1286 veriloquium
1111 1222 1130 1268 a
1147 1203 1271 1270 Graeca
1288 1207 1391 1287 stirpe

114 1313 247 1378 ductum
270 1313 436 1376 inventum
460 1316 520 1391 est,
545 1329 619 1375 narn
643 1329 726 1393 quae
750 1311 863 1376 aviris
887 1310 990 1376 doctis
1014 1318 1248 1393 proponuntur,
1272 1312 1389 1378 forma·

113 1419 212 1484 tionis
249 1419 407 1484 rationem
443 1437 558 1500 parum
593 1418 764 1501 explicant.
811 1417 981 1499 Prellwitr,
1017 1416 1077 1482 lex.
1110 1425 1204 1501 etym.
1240 1419 1391 1485 dubitans

116 1524 290 1608 ἀραρλσκω
322 1526 528 1608 comparavit,
560 1525 704 1606 Meister,
742 1526 817 1592 dial.
842 1525 874 1589 Π
896 1545 927 1608 p.
946 1527 1009 1590 255
1033 1530 1178 1591 veterum
1202 1527 1389 1607 grammati-

118 1652 228 1699 corum
244 1632 296 1700 (cl.
316 1632 413 1698 schol.
433 1633 565 1700 Theocr.
581 1635 610 1699 7.
629 1631 685 1715 26)
702 1633 912 1715 veriloquium
928 1640 1057 1699 secutus
1075 1631 1209 1715 ἀρμύλη
1228 1630 1389 1720 (ἀρβύλη)

116 1741 157 1805 ad
184 1738 323 1823 ύρμόζω
347 1741 481 1807 reducit.
519 1739 581 1806 Sed
605 1741 665 1806 hoc
688 1741 802 1822 ipsum,
829 1742 987 1824 quomodo
1011 1740 1091 1805 illud
1114 1738 1146 1823 β,
1171 1741 1256 1823 quod
1281 1740 1390 1824 Cyprii

113 1846 170 1934 μῙ)
194 1848 464 1930 pronuntiabant,
497 1853 604 1912 ortum
637 1849 694 1927 sit,
725 1848 939 1930 explicatione
962 1852 1045 1930 eget.
1093 1848 1259 1913 Facillime
1284 1856 1392 1915 autern

115 1955 296 2036 explicatur
319 1956 399 2021 haec
422 1954 558 2020 mutatio
583 1956 615 2019 in
631 1972 709 2020 voce
730 1956 914 2038 peregriua3
940 1974 1014 2020 nam
1038 1956 1071 2021 in
1089 1956 1244 2022 eiusmodi
1261 1957 1391 2022 vocibus

115 2063 186 2128 soni
211 2062 300 2129 dubii
325 2081 395 2128 esse
419 2063 535 2128 solent.
571 2063 705 2128 Accedit
729 2064 826 2128 ctiam
850 2082 967 2145 magua
990 2061 1217 2128 formationum
1233 2064 1392 2143 varietas;

114 2175 212 2252 atque
246 2188 360 2235 revera
388 2170 567 2252 Hesychius
604 2188 630 2234 s.
656 2190 683 2236 v.
711 2167 886 2252 ἀραβύλας
920 2171 1081 2252 expressis
1108 2172 1217 2237 uerbis
1251 2176 1392 2237 testatur

116 2273 269 2358 ἀρβύλας
293 2276 393 2343 fuisse
417 2275 623 2359 ὑποδήματα
645 2274 846 2359 βαρβαρικά.
883 2277 999 2344 Graeci
1022 2278 1123 2359 igitur
1147 2297 1218 2343 cum
1235 2298 1270 2345 re
1294 2280 1391 2345 etiam

114 2383 303 2449 vocabulum
342 2403 361 2449 a
391 2385 572 2467 peregrinis
608 2385 771 2466 accepisse
799 2385 935 2466 putandi
960 2391 1046 2451 sunt.
1095 2385 1184 2464 Quod
1209 2387 1236 2451 si
1260 2387 1306 2452 ita
1331 2394 1390 2469 est,

115 2491 310 2559 testimoniis
346 2510 445 2574 snpra
475 2494 730 2558 commemoratis
760 2490 900 2559 eflicitur
922 2493 1100 2559 Asiaticum
1130 2493 1231 2560 fuisse
1259 2494 1391 2560 verbum

115 2597 212 2680 idque
236 2599 276 2664 ab
299 2598 431 2666 Ionibus
455 2600 588 2682 tragicis
611 2600 718 2683 poetis
741 2600 905 2666 traditum.

640 2865 874 2934 ΠΑΛΜΥΣ.

223 3029 335 3094 Aesch.
353 3027 412 3109 irg.
431 3029 494 3093 437
512 3034 604 3096 metr.
622 3029 684 3095 inc.
700 3027 890 3111 ττύλμύύος,
915 3029 1072 3113 Lycophr.
1090 3027 1139 3096 ul.
1162 3031 1222 3093 691
1242 3028 1388 3112 πάλμνς,

116 3136 214 3201 schol.
238 3135 351 3218 πατὴρ
374 3133 396 3219 ἢ
420 3133 588 3218 βασιλεύς.

222 3245 387 3327 Frequens
412 3250 461 3311 est
485 3245 570 3326 apud
593 3245 843 3326 Hipponactem:
880 3245 939 3326 frg.
956 3249 1016 3310 1.1
1044 3241 1227 3325 Κυλλήνης
1251 3242 1389 3326 πάλμνν

122 3348 236 3434 Ἑρμῆ,
272 3351 438 3433 irg.15.4
463 3353 519 3417 καὶ
541 3353 689 3435 μνήματ’
715 3349 804 3433 ὦτος
826 3350 985 3435 paratior
1007 3349 1196 3435 πάλμύύας,
1233 3350 1294 3433 lrg.
1312 3351 1390 3416 3οΑ

115 3456 211 3523 ύεῶν
233 3456 427 3540 Ὀλυμπίων
442 3457 571 3541 ττάλμυ,
595 3459 656 3540 frg.
675 3459 752 3524 3οΒ
769 3457 917 3541 ἀργύρου
934 3457 1061 3541 culpo,
1085 3458 1145 3541 lrg.
1164 3461 1216 3524 42.
1232 3461 1250 3523 3
1273 3456 1390 3541 Ῥῆσος

115 3562 260 3631 Αἰνειῶν
282 3565 429 3649 αύλμύς.
475 3567 520 3632 Ut
554 3568 693 3649 glossam
719 3571 856 3648 usurpat
885 3585 997 3633 rocem
1020 3566 1177 3633 Dosiades
1201 3585 1278 3632 arae
1301 3565 1326 3630 Ι.
1347 3567 1386 3628 17

115 3672 191 3754 (ΑΡ.
208 3672 268 3738 XV
285 3672 349 3756 25).
398 3672 566 3756 Significat
601 3679 708 3740 autern
736 3673 856 3756 ubique
885 3675 1062 3755 dominum,
1096 3694 1214 3756 regem.
1264 3674 1387 3739 Nomen

116 3780 246 3847 Troiani
270 3786 320 3846 est
344 3783 430 3865 apud
454 3783 629 3848 Homerum
645 3779 683 3845 N
696 3783 771 3847 792.

220 3887 443 3971 veriloquium
468 3910 506 3956 ex
522 3889 647 3956 Graeca
671 3890 773 3970 stirpe
798 3889 928 3953 ductum
945 3906 1007 3952 non
1024 3893 1187 3969 repertum
1205 3894 1264 3952 est.
1298 3886 1390 3965 Quod
1509 3977 1513 3984 Ι

115 3999 222 4060 autem
245 3995 419 4079 Hipponax
441 4015 519 4063 voce
549 4004 616 4062 tam
647 3994 834 4078 frequenter
857 3996 969 4074 utitur,
1007 3996 1095 4061 cuius
1125 4013 1229 4060 sermo
1259 3993 1389 4059 vocibus

113 4103 294 4183 peregrinis
314 4104 503 4186 plerumque
519 4104 630 4187 Lydiis
647 4103 800 4182 abundat,
826 4108 858 4168 et
875 4103 961 4185 quod
976 4102 1070 4167 homo
1087 4101 1216 4185 quidam
1233 4101 1390 4165 Troianus

113 4207 168 4274 illo
204 4211 331 4277 nomine
365 4217 508 4292 vocatur,
541 4230 611 4276 cum
637 4210 768 4276 Troiani
791 4209 877 4274 haud
902 4209 1002 4275 semel
1025 4209 1153 4274 nomina
1176 4226 1239 4273 non
1265 4208 1391 4272 Graeca

218 4458 241 4528 ¹)
268 4459 309 4512 De
333 4459 483 4514 mutatione
502 4468 595 4531 μ>μ
617 4460 647 4512 in
665 4458 779 4513 vocibus
799 4456 912 4512 Graecis
932 4459 960 4511 ot
977 4455 1130 4525 peregrinis
1151 4454 1184 4508 cf.
1204 4454 1390 4522 Kretschmor‚

111 4542 206 4599 Kuhns
227 4545 357 4602 Zoitsohx.
375 4548 480 4605 XXXV
498 4566 524 4619 p.
539 4551 600 4613 603,
619 4547 691 4602 Einl.
710 4548 739 4603 in
758 4547 802 4601 die
822 4545 921 4606 Gesch.
941 4545 967 4601 d.
986 4543 1090 4616 griech.
1107 4545 1234 4630 Sprachc,
1252 4562 1279 4615 p.
1294 4546 1353 4602 236.

162 4634 222 4689 dlx,
240 4636 275 4680 De
289 4636 399 4691 Aonuhyli
413 4637 475 4691 aopi·
489 4638 613 4682 vorborum.
1196 4638 1212 4691 2
1330 4691 1333 4697 Ι
