3188 5062
775 269 988 338 ..32..

242 455 379 521 ridetur.
414 453 526 535 Neque
550 450 722 518 verisimile
747 456 805 533 est,
830 469 924 518 voces
948 451 1152 517 Doriensium
1177 453 1209 516 in
1233 471 1294 518 usu
1317 451 1426 534 inisse,
1453 454 1516 520 etsi

242 562 274 626 in
309 561 433 628 duobus
467 560 531 626 illis
559 558 696 626 Doricae
730 559 859 640 linguae
887 559 1082 625 testimoniis
1113 560 1255 641 ἱστορέω
1282 559 1396 628 Ionum
1426 580 1515 627 more

240 673 428 751 usurpatur.

348 777 503 858 Reliquae
518 772 728 841 formationes
746 773 861 855 ῖστωρ,
886 774 1063 855 ἱστορικός,
1081 772 1240 856 ῖστόριον,
1258 773 1400 856 ἱστορέω
1417 773 1517 860 (com-

241 883 355 970 probo)
393 888 502 949 certae
530 882 663 963 originis
694 882 847 947 indicium
875 900 953 963 prae
982 900 1017 948 se
1046 900 1109 947 non
1145 880 1263 948 ferunt.
1310 882 1514 949 Solummodo

242 991 384 1073 ἱστορέω
409 989 558 1076 (quaero)
583 995 615 1056 et
639 990 770 1072 ἱστορία
798 989 879 1056 satis
907 989 1117 1072 peculiariter
1144 990 1360 1072 „quaerendi“
1386 1008 1513 1056 sensum

240 1099 393 1180 retinent,
426 1116 525 1181 quare
555 1097 706 1163 commoti
729 1096 807 1163 solis
831 1096 972 1177 Ionibus,
1003 1115 1138 1180 quorum
1163 1115 1234 1162 cum
1258 1115 1327 1178 usu,
1357 1102 1516 1179 utsupra

240 1205 386 1287 uidimus,
422 1205 566 1287 tragicus
596 1222 701 1270 sermo
732 1222 828 1287 quam
857 1204 1098 1271 accuratissime
1127 1203 1296 1285 consentit,
1332 1203 1389 1268 illa
1416 1204 1516 1271 verba

241 1313 406 1379 vindicare
430 1332 494 1380 non
518 1312 710 1379 dubitamus.

417 1595 700 1678 ΘΕῸΒΛΑΒΗΣ,
727 1594 1005 1676 ΘΕΟΒΛΑΒΕΩ,
1032 1593 1334 1667 euocandum.

346 1761 434 1826 Pers.
453 1763 516 1827 831
534 1759 626 1846 (822)
642 1761 730 1827 trim.

453 1866 542 1950 πρὸς
565 1868 664 1932 ταῦτ’
692 1866 822 1931 ἐκεῖνον
846 1867 1041 1947 σωφρονεῖν
1064 1866 1263 1948 κεχρημένοι

453 1975 625 2040 πινύσκετ’
651 1972 818 2055 εὐλόγοισι
840 1969 1095 2054 νουθετήμασιν

453 2079 550 2165 λῆξαι
573 2077 882 2164 θεοβλαβοῦνθ’
905 2077 1117 2162 ὑπερκόμπῳ
1141 2078 1275 2162 θράσει.

347 2189 445 2256 schol.
470 2188 614 2254 ἐκεῖνον·
639 2187 700 2255 τόν
716 2185 854 2270 Ξέρξην,
880 2188 920 2253 de
944 2207 1007 2270 quo
1032 2187 1150 2253 Darius
1173 2188 1233 2254 hoc
1257 2189 1343 2254 dicit.
1382 2188 1520 2255 Dindori

242 2297 275 2362 in
298 2297 358 2362 lex.
377 2297 523 2380 Aeschyl.
549 2293 752 2380 θεοβλαβέω
776 2296 875 2361 vertit
896 2294 951 2373 „in
976 2295 1053 2362 deos
1076 2299 1207 2378 pecco“,
1231 2295 1326 2361 simil.
1345 2294 1515 2379 Sutterlin,

244 2405 295 2470 die
311 2403 411 2470 verba
426 2405 551 2470 denom.
570 2404 614 2470 im
628 2403 765 2485 Altgr.I
787 2423 817 2484 p.
837 2405 888 2467 74.
928 2403 1044 2469 Varias
1068 2404 1168 2469 totius
1192 2403 1253 2468 loci
1278 2403 1517 2470 emendationes

241 2511 377 2593 praebet
400 2511 569 2576 Wecklein
604 2512 636 2575 in
674 2511 748 2576 edit.
766 2509 807 2576 11.
833 2529 862 2591 p.
881 2511 934 2576 37.
993 2510 1059 2577 Nos
1095 2529 1166 2576 cum
1201 2511 1239 2579 G.
1263 2511 1447 2577 Hermanno
1483 2512 1516 2575 in

242 2620 318 2685 edit.
336 2618 376 2683 11.
394 2617 727 2700 queamdmodum
748 2617 866 2682 codicis
890 2617 1084 2700 scripturam
1108 2617 1280 2700 sequimur,
1306 2637 1402 2700 quam
1417 2619 1518 2684 vertit

239 2726 295 2791 ille
319 2725 368 2791 vir
393 2726 611 2792 doctissimus:
655 2725 749 2800 „Vos
785 2725 900 2807 inquit,
936 2744 1073 2807 quorum
1102 2726 1242 2792 interest
1269 2726 1360 2791 illum
1388 2744 1515 2808 sapere,

241 2839 368 2900 monete
386 2836 488 2900 eum“.
527 2833 590 2900 Sed
607 2833 684 2915 quid
700 2832 832 2898 ultimus
849 2850 961 2898 versus
978 2833 1077 2899 dicit?
1109 2829 1315 2915 θεοβλαβεῖν
1331 2833 1516 2916 oppositum

240 2947 290 3007 est
313 2942 410 3007 verbo
436 2945 638 3024 campovold.
679 2940 739 3020 Qui
763 2959 825 3006 non
849 2940 950 3006 habet
972 2941 1211 3024 σωφροσύνην,
1235 2937 1432 3022 θεοβλαβής
1455 2946 1515 3022 est,

240 3067 301 3130 quo
325 3049 424 3114 verbo
448 3067 511 3113 non
527 3053 703 3129 peccatum,
728 3047 785 3113 sed
805 3066 910 3130 poena
932 3048 1104 3130 indicatur,
1129 3066 1229 3131 quare
1244 3049 1435 3114 vertendum
1452 3052 1514 3113 est:

243 3157 393 3236 „Monete
417 3175 498 3237 cum,
528 3160 565 3220 ut
589 3155 765 3220 insanire
796 3155 964 3222 desistat“.
1012 3156 1112 3235 Quam
1140 3174 1278 3237 poenam
1303 3152 1388 3236 ότην
1412 3155 1518 3219 solent

135 3324 137 3327 .
240 3282 355 3329 vocare
369 3263 496 3347 Graeci,
512 3268 549 3327 ut
563 3248 680 3328 Darius
697 3262 793 3344 paulo
810 3269 885 3328 ante
902 3263 983 3329 dixit
995 3282 1024 3327 v.
1040 3265 1120 3328 821:
1146 3259 1242 3344 ὕβρις
1257 3259 1319 3344 γάρ
1336 3258 1516 3342 ἐξανθοόσ

240 3370 419 3454 ἐκόρπωσε
432 3370 558 3452 στάχυν
575 3367 667 3452 ἄτης.
698 3371 821 3436 Xerxes
833 3370 935 3453 igitur
946 3369 1045 3435 habet
1058 3366 1144 3450 ἄτην
1156 3372 1190 3432 et
1202 3369 1333 3433 deorum
1349 3369 1517 3433 voluntate

239 3477 451 3561 ὑπερκόμπῳ
474 3474 598 3558 θράσει
621 3478 654 3542 in
679 3478 894 3544 calamitatem
925 3476 1128 3559 propellitur.
1175 3477 1238 3540 Per
1261 3494 1296 3543 se
1319 3472 1517 3557 θεοβλαβής

239 3591 445 3667 potestesse,
472 3586 549 3668 „qui
566 3587 659 3651 deum
675 3583 828 3668 βλάπτει,
852 3586 885 3650 in
910 3585 1004 3650 deum
1020 3589 1165 3666 peccat“.
1207 3583 1274 3647 Hoc
1291 3582 1360 3649 loco
1376 3601 1440 3647 non
1458 3586 1517 3647 est.

345 3693 482 3775 Reliqua
516 3692 611 3759 huius
646 3693 734 3760 vocis
763 3692 951 3757 testimonia
978 3692 1058 3758 haec
1082 3697 1170 3757 sunt:
1206 3690 1326 3756 Herod.
1351 3689 1377 3754 Ι.
1398 3692 1458 3754 127
1472 3718 1518 3744 =

241 3800 325 3866 VIII.
345 3802 406 3865 137
425 3797 623 3884 θεοβλαβὴς
639 3797 821 3882 γενόμενος
837 3797 1129 3885 (doio)=insanus.
1156 3797 1304 3864 leschin.
1322 3797 1354 3861 in
1372 3795 1515 3878 ctesiph.

242 3909 319 3974 133:
345 3905 434 3972 ἀλλὰ
449 3908 512 3990 τήν
528 3928 564 3989 γε
578 3904 808 3990 θεοβλάβειαν
823 3906 880 3971 καί
896 3905 959 3989 την
975 3904 1177 3988 ἀφροσύνην
1194 3901 1256 3969 ούκ
1272 3900 1515 3985 ἀνθρωπίνως,

240 4012 327 4079 ἀλλὰ
352 4011 537 4095 δαιμονίως
560 4013 775 4096 κτησάμενοι.

346 4122 426 4186 Tum
462 4123 574 4188 eodem
602 4138 699 4188 sensu
728 4121 813 4203 apud
837 4121 1050 4186 recentiores:
1087 4119 1180 4183 Dion.
1205 4116 1278 4182 Hal.
1303 4116 1340 4183 A.
1365 4117 1401 4182 R.
1428 4116 1452 4184 l.
1474 4117 1516 4180 24

241 4227 366 4311 οἴστρῳ
389 4228 446 4293 καί
468 4225 677 4311 θεοβλαβείᾳ
694 4224 982 4308 ἀπελαυνόμενος.
1021 4224 1108 4291 Caso.
1127 4223 1186 4289 Dio
1204 4224 1256 4289 44.
1275 4223 1294 4287 8
1319 4221 1517 4305 καθήμενος

241 4338 332 4417 σφάς
348 4334 406 4400 εἴτ’
421 4332 482 4400 ούν
498 4333 706 4419 θεοβλαβείᾳ
722 4335 788 4400 τινί
804 4333 871 4399 εἴτε
886 4334 943 4399 κοί
958 4332 1162 4415 περιχαρείηι.
1175 4331 1341 4427 ’,Τίιυοιὶοῖ
1357 4334 1387 4397 4.
1403 4331 1444 4395 56
1460 4329 1518 4398 καί

240 4440 391 4508 ἀπειλεῖν
402 4439 665 4525 θεοβλαβούντα
681 4440 822 4526 λάφυρά
837 4460 874 4507 τε
889 4442 946 4506 καὶ
959 4437 1236 4523 ἀνθραποθισμόν
1248 4439 1305 4504 καί
1318 4435 1514 4502 ἀνάστασιν.

238 4548 434 4635 θεοβλαβής
462 4550 562 4634 igitur
589 4550 709 4634 ubique
733 4551 760 4616 is
786 4552 847 4632 est,
877 4549 967 4615 cuius
995 4552 1134 4615 mentem
1164 4547 1242 4614 deus
1266 4543 1515 4630 perturbaverit.
