3188 5062
755 255 972 318 „42-

229 434 382 502 habuisse
412 434 612 500 demonstrat
639 435 727 500 locus
752 432 840 516 Sept.
860 434 923 499 858
942 434 1034 516 (837)
1059 435 1151 499 chor:
1188 431 1251 498 τὰυ
1279 431 1424 499 όστουου
1447 456 1504 516 με·

229 541 418 624 λόγκροτου
440 539 631 606 ναύστολον
654 538 808 624 θεωρίδα
835 541 874 606 de
899 541 1011 624 cymba
1035 542 1202 608 Charonis,
1250 542 1338 620 Quae
1363 562 1433 608 cum
1457 544 1505 609 ita

230 651 304 730 sint,
339 667 442 732 neque
477 649 546 715 veri
577 649 733 715 dissimile
761 654 810 714 est
833 668 942 715 vocem
966 647 1167 731 θεοπρόπος
1191 649 1361 732 aliquando
1386 651 1504 715 Atticis

229 757 262 822 in
286 775 346 822 usu
368 755 479 839 fuisse,
503 761 536 821 et
559 761 696 838 apparet
720 775 774 823 eos
798 756 887 822 illam
910 775 1072 839 nunquam
1097 757 1137 821 de
1161 757 1273 821 nuntio
1292 757 1414 822 oraculi
1430 775 1503 822 con-

230 864 356 931 sulendi
379 865 485 946 gratia
508 864 606 930 misso
629 882 814 946 usurpasse.

340 973 472 1038 Accedit
495 972 528 1037 in
551 989 628 1038 uoce
652 970 853 1054 θεοπρόπος
868 990 1019 1037 mensura
1034 1001 1153 1051 υ-υε,
1180 990 1249 1036 oum
1266 964 1361 1037 h'omo
1376 972 1505 1037 Atticus

232 1081 441 1163 praetulisset
463 1105 578 1160 socc,
604 1078 641 1144 ci.
666 1081 705 1145 de
725 1079 821 1162 Mess,
846 1080 927 1145 Mus.
945 1082 1045 1145 Rhen.
1066 1082 1117 1159 58,
1142 1099 1173 1161 p.
1193 1081 1266 1144 286.
1303 1079 1335 1143 Ιε
1360 1097 1505 1162 compro-

231 1189 321 1256 bavit
355 1188 549 1270 positionem
583 1192 660 1253 ante
695 1193 816 1252 mutam
852 1206 921 1252 cum
957 1188 1080 1270 liquida
1116 1206 1155 1251 err
1179 1187 1278 1268 epicis
1303 1191 1336 1251 et
1358 1186 1504 1251 iambicis

231 1296 342 1362 Ionum
367 1295 561 1360 carminibus
582 1295 615 1360 in
631 1296 831 1378 tragoediam
848 1301 1011 1377 receptam
1028 1296 1068 1360 ab
1086 1296 1196 1359 Attica
1211 1293 1348 1359 dialecto
1365 1294 1504 1358 alienam

234 1422 313 1469 esse.
352 1402 443 1468 Nova
466 1403 565 1484 igitur
589 1404 713 1468 accedit
737 1421 842 1484 cansa,
868 1422 924 1468 eur
948 1400 1148 1483 θεοπρόπος
1171 1401 1204 1466 in
1228 1402 1397 1482 tragoedia
1419 1402 1504 1466 inter

232 1529 326 1577 voces
349 1511 475 1576 Ionicos
498 1528 664 1590 ponamus.
1395 1507 1402 1521 ‘

783 1694 962 1762 ΨΗΓΜΑ.

339 1833 398 1915 Ag.
415 1834 480 1898 442
504 1831 597 1915 (424)
623 1831 710 1896 chor.

553 1937 570 2002 ὁ
591 1935 823 2021 χρυσαμοιβὸς
846 1935 879 2002 θ’
903 1935 1009 2020 ’Ἄρης
1033 1936 1204 2020 σωμάτων

551 2047 607 2111 καὶ
630 2043 861 2128 ταλαντοῦχος
885 2044 921 2108 έυ
943 2045 1035 2127 μάχῃ
1060 2042 1162 2126 ὁορός

553 2152 719 2236 πυρωθέν
743 2151 779 2235 ἐξ
805 2151 901 2217 Ἰλίου

553 2260 680 2345 φίλοισι
702 2262 827 2343 πέμπει
849 2258 938 2343 βαρὺ

553 2373 695 2451 ψῆγμα
720 2366 952 2450 δυσδάκρυτον
976 2365 1032 2431 ἀυ-

658 2476 804 2557 τήυορος
828 2472 958 2540 οποθοῦ
982 2475 1069 2557 γεμό-

660 2581 729 2664 ζωυ
751 2580 898 2664 λέβητας
921 2580 1095 2660 εὐθέτους.

346 2688 464 2772 eoppa
493 2708 512 2753 a
536 2690 639 2770 stirpe
661 2705 750 2771 υακ-
779 2672 831 2774 (ci.
855 2688 982 2771 ψακάς,
1012 2688 1127 2770 origo)
1159 2686 1330 2752 formatum
1361 2705 1505 2768 „ramen-

237 2801 324 2861 tum“
353 2804 411 2862 est.
451 2796 563 2878 Neque
586 2815 662 2862 vero
686 2798 725 2861 de
749 2795 894 2878 quolibet
917 2799 1061 2861 ramento
1081 2800 1265 2876 usurpatur,
1290 2794 1346 2860 sed
1370 2795 1403 2859 in
1427 2795 1506 2860 duas

237 2901 489 2985 significationes
517 2904 620 2969 artius
653 2904 910 2985 circumscriptas
941 2903 1037 2984 abiit,
1073 2921 1146 2967 nam
1181 2902 1268 2982 apud
1296 2901 1506 2984 philosophos

237 3012 392 3093 quosdam
416 3012 594 3092 particulae
619 3030 788 3093 corporum
813 3011 962 3076 minimae
991 3011 1050 3074 hac
1073 3027 1151 3076 voce
1175 3009 1391 3090 nominantur,
1422 3010 1507 3090 apud

237 3119 377 3200 reliquos
401 3123 508 3183 autem
533 3119 708 3200 scriptores
731 3123 853 3201 ψῆγμα
879 3123 1079 3199 „ramentum
1103 3117 1206 3181 auri“
1234 3122 1293 3182 est.

343 3226 432 3291 Inter
466 3225 675 3308 philosophos
710 3225 848 3291 fortasse
884 3226 947 3290 iam
976 3225 1160 3290 Heraclitus
1195 3243 1272 3289 voce
1300 3227 1421 3306 ψῆγμα
1456 3223 1508 3288 vel

238 3331 432 3414 ψηγμάτιου
456 3352 532 3399 usus
557 3338 616 3413 est,
641 3333 702 3399 etsi
726 3335 883 3398 incertum
902 3338 959 3408 est,
984 3350 1153 3415 quemnam
1177 3349 1307 3398 sensum
1324 3332 1352 3397 ei
1370 3331 1505 3397 dederit.

239 3438 276 3504 cf.
303 3440 433 3521 doxogr.
455 3460 485 3523 p.
505 3441 569 3505 312
595 3445 627 3506 et
643 3441 756 3505 Dielsii
773 3440 854 3522 prol.
880 3460 910 3522 p.
929 3442 1002 3503 221.
1043 3440 1147 3521 Atque
1165 3438 1355 3504 Aristoteles
1379 3460 1414 3503 π.
1433 3437 1506 3520 odo.

237 3546 294 3612 ΠΙ.
314 3549 342 3628 5,
371 3549 427 3614 ubi
456 3548 636 3613 doctrinam
659 3548 915 3614 Heracliteorum
940 3547 1140 3630 quorundam
1165 3551 1400 3625 commemorat,
1431 3547 1509 3611 dicit

237 3675 268 3738 p.
287 3656 351 3720 304
376 3673 395 3720 a
418 3657 457 3719 21
491 3655 528 3719 ἐκ
551 3659 612 3721 τοῦ
642 3654 956 3739 λεπτομερεστάτου
981 3653 1205 3735 ἀυτιθεμέυου
1231 3653 1315 3736 φασὶ
1337 3650 1510 3734 γίγνεσθαι

238 3759 348 3827 τᾶλλα
371 3759 530 3845 καθάπερ
547 3760 589 3827 ἂν
606 3764 635 3827 ei
650 3763 924 3846 ουμφυσωμόυου
940 3763 1130 3844 ψήγματος.
1170 3760 1377 3826 Potissimum
1401 3763 1509 3824 autem

240 3871 287 3934 ita
302 3870 411 3934 vocari
426 3871 519 3951 solet,
537 3872 621 3953 quod
637 3890 696 3937 nos
712 3871 846 3936 dicimus
867 3869 1223 3951 „Sonnensttiubchen“‚
1240 3870 1274 3934 id
1289 3868 1374 3951 quod
1389 3867 1509 3932 Demo·

243 3978 342 4042 oritus
370 3977 488 4043 dixisse
512 3979 648 4059 videtur,
681 3977 719 4045 ci.
744 3978 877 4044 Aristot.
894 3995 929 4045 π.
947 3975 1019 4060 ουρ.
1032 3977 1086 4043 IV.
1101 3980 1130 4056 6,
1155 3977 1210 4042 ubi
1233 3977 1320 4043 illius
1344 3978 1509 4043 doctrinae

240 4086 433 4150 mentionem
456 4085 546 4167 facit,
570 4105 601 4167 p.
619 4087 710 4151 3l3a
734 4087 791 4150 2οε
828 4089 941 4151 natare
969 4084 1123 4168 quasdam
1153 4103 1205 4150 res
1228 4080 1363 4165 propter
1386 4084 1508 4167 exigui·

240 4197 340 4256 tatem
365 4191 439 4256 οἷον
461 4196 583 4275 ψῆγμα
605 4194 662 4257 καὶ
686 4190 774 4257 ἄλλα
797 4190 906 4274 γεώδη
930 4193 987 4256 καὶ
1009 4189 1219 4273 κουιορτώθη
1245 4191 1301 4256 ἐπὶ
1320 4193 1381 4254 τοῦ
1398 4189 1508 4272 ἀέρος.

241 4299 361 4366 Eodem
386 4317 482 4366 sensu
505 4320 615 4367 vocem
638 4304 774 4382 usurpat
796 4300 881 4366 Plut.
900 4318 976 4363 mor.
1002 4318 1032 4379 p.
1051 4300 1158 4379 722Α,
1184 4299 1239 4381 qui
1264 4317 1302 4363 ex
1317 4298 1510 4378 Anaxagora

242 4413 464 4488 argumentum
492 4425 553 4474 nee
580 4427 642 4474 non
672 4409 774 4490 ipsam
798 4405 935 4473 fortasse
957 4424 1066 4473 vocem
1089 4406 1207 4472 hausit.
1254 4405 1400 4487 Denique
1423 4405 1508 4470 Plut.

242 4533 319 4581 mor.
344 4535 376 4598 p.
395 4515 492 4580 695ss
516 4516 555 4581 de
572 4515 740 4598 particulis
757 4515 849 4599 niuis,
874 4515 1007 4597 Longin.
1024 4513 1085 4596 frg.
1103 4517 1121 4578 7
1140 4512 1268 4599 (Toup.)
1290 4513 1375 4595 apud
1391 4510 1510 4580 Euseb.
