3188 5062
691 222 889 286 ..2-

156 401 273 467 mixtus
309 404 359 466 est
392 419 431 466 ex
464 400 563 467 variis
599 400 755 467 dialectis.
805 400 885 465 Nam
920 419 1016 482 quam
1050 402 1136 483 apud
1171 407 1300 484 gentem
1330 424 1429 471 unum

156 511 305 594 quodque
340 508 489 575 carminis
517 526 618 590 genus
648 508 785 590 primum
814 508 979 575 inventum
1003 513 1037 575 et
1060 513 1234 575 tractatum
1259 517 1323 593 est,
1360 512 1429 577 eius

155 617 357 699 potissimum
381 615 553 682 dialectum
576 634 656 698 prae
679 634 713 681 se
737 615 822 683 ferre
846 616 937 698 solet,
960 617 1008 682 ita
1030 621 1149 701 tamen,
1172 621 1210 682 ut
1233 637 1273 685 ne
1292 618 1428 685 aliarum

155 726 285 810 quidem
314 724 453 806 uestigia
483 723 693 789 dialectorum
721 724 841 807 desint,
878 729 1032 807 quantum
1061 725 1189 806 quidem
1213 725 1246 790 in
1270 726 1429 792 similibus

155 834 263 916 poesis
298 831 469 914 generibus
503 837 599 897 antea
635 832 780 897 excultae
816 837 917 899 erant.
968 832 1061 898 Hanc
1096 833 1189 915 quasi
1222 832 1327 916 legem
1358 840 1431 915 post

157 940 314 1024 Ahrensii,
338 939 583 1022 Wilamowitzii,
608 938 745 1004 aliorum
769 938 902 1006 inventa
925 944 1022 1024 atque
1052 959 1144 1005 curas
1168 939 1206 1005 Ε.
1230 940 1374 1005 Zarncke
1397 940 1430 1004 in

155 1048 279 1114 libello:
308 1047 370 1112 Die
392 1046 616 1128 Eutwichlung
641 1047 698 1112 der
722 1047 944 1130 griechischen
967 1047 1318 1129 Litteratursprachen,
1342 1047 1430 1127 Lips.

159 1156 243 1220 1890
278 1154 438 1222 uberrime
474 1153 637 1236 explicuit.
686 1154 774 1232 Quae
808 1173 878 1220 cum
914 1155 961 1221 ita
995 1156 1070 1235 sint,
1105 1154 1200 1220 facile
1228 1154 1431 1235 intellegitur

157 1262 244 1329 chori
279 1261 395 1344 tragici
431 1261 602 1327 dialectum
639 1262 772 1327 eandem
801 1261 868 1328 fere
898 1282 979 1345 esse,
1016 1281 1097 1346 quae
1126 1264 1160 1327 in
1189 1263 1274 1328 omni
1304 1261 1432 1327 chorica

156 1371 247 1452 poesi
277 1369 415 1436 valebat.
461 1368 498 1433 In
535 1369 688 1436 diverbiis
724 1374 832 1436 autem
862 1372 1003 1437 Atticam
1031 1371 1202 1436 dialectum
1231 1389 1296 1436 non
1328 1369 1432 1435 solum

156 1479 305 1559 maiores,
330 1477 387 1542 sed
409 1477 530 1558 primas
555 1483 665 1559 partes
689 1477 836 1544 obtinere
860 1482 1109 1545 consentaneum
1134 1483 1193 1561 est,
1224 1477 1374 1559 quoniam
1400 1482 1433 1543 et

157 1587 374 1651 diverhiorum
397 1602 501 1651 sermo
526 1585 670 1667 proxime
694 1587 819 1651 accedit
842 1587 884 1652 ad
906 1585 1097 1652 familiarem
1119 1586 1383 1651 consuetudinem
1400 1589 1433 1650 et

157 1692 325 1774 tragoedia
349 1693 421 1775 ipsa
444 1693 484 1759 ab
502 1693 753 1760 Atheniensibus
778 1695 909 1762 inventa
933 1700 992 1760 est.
1039 1694 1151 1776 Neque
1174 1698 1281 1758 tamen
1305 1694 1432 1778 mirum,

158 1802 242 1884 quod
276 1801 439 1883 permulta
404 1806 585 1866 ttextan
618 1807 689 1868 uest
691 1802 756 1884 igia
792 1803 922 1868 dialecti
956 1801 1083 1882 Ionum,
1121 1802 1240 1884 quippe
1268 1820 1288 1865 a
1316 1801 1432 1883 quibus

157 1908 293 1974 iambica
327 1909 434 1991 poesis
469 1913 540 1973 tota
574 1908 722 1992 proiecta
702 1910 808 1975 asit.
867 1910 1017 1976 Admixta
999 1913 1117 1975 asunt
1140 1913 1234 1991 praet
1237 1927 1312 1974 erea
1345 1908 1432 1974 haud

157 2034 260 2098 pauca
283 2016 358 2081 dict
334 2016 432 2081 tronis
457 2016 567 2097 epicae
591 2016 760 2098 elementa
797 2034 880 2098 quae
909 2017 975 2082 inst
977 2035 1014 2080 ar
961 2014 1322 2082 ttfundamenit
1218 2021 1322 2081 ttes
1346 2016 1433 2082 omni

160 2123 356 2191 Graecorum
395 2124 535 2188 sermoni
569 2121 796 2190 artificiosiori.
854 2123 966 2207 Neque
1003 2125 1116 2190 deesse
1150 2122 1243 2206 lyrici
1278 2125 1434 2189 sermonis

159 2232 296 2314 vestigia
328 2230 422 2295 facile
454 2231 529 2296 inde
559 2231 748 2313 explicatur,
785 2233 870 2315 quod
898 2233 939 2297 ad
961 2232 1095 2316 lyricam
1118 2233 1230 2314 poesin
1255 2232 1434 2299 revocanda

159 2343 234 2405 sunt
255 2338 432 2421 primordia
455 2339 644 2420 tragoediae
669 2344 754 2405 teste
778 2340 955 2407 Aristotele
978 2340 1162 2422 γινομένης
1187 2387 1245 2405 ...
1271 2337 1339 2404 ἀπὸ
1363 2340 1434 2402 τῶν

160 2444 370 2528 ἑξαρχόντων
394 2443 455 2509 τὸν
479 2443 705 2529 διθύραμβον.

267 2553 354 2631 Quae
389 2553 600 2618 dialectorum
635 2554 746 2619 mixtio
790 2558 826 2618 ιιι
867 2554 987 2620 rectius
1027 2555 1250 2638 intellegatur,
1301 2573 1356 2620 eas
1397 2573 1435 2619 ex

160 2660 310 2742 Aeschyli
334 2660 487 2726 diverbiis
511 2658 630 2726 formas
655 2661 913 2744 conquisivimus,
943 2681 1024 2746 quas
1054 2682 1093 2729 ex
1116 2682 1179 2745 quo
1203 2661 1344 2726 Atticam
1368 2661 1435 2726 dia·

160 2769 277 2834 lectum
302 2769 550 2850 inscriptionum
574 2769 691 2835 auxilio
717 2770 932 2852 cognovimus,
961 2770 996 2834 id
1020 2776 1069 2835 est
1093 2789 1112 2836 a
1135 2770 1247 2834 VILc
1249 2769 1338 2834 tVI.
1366 2787 1436 2833 sae-

163 2877 253 2959 culiS,
277 2877 423 2942 nonAtt'
385 2881 481 2942 ttrcas
504 2876 605 2942 fuisse
627 2882 725 2959 propt
727 2898 761 2943 er
785 2896 934 2943 sonorum
951 2878 1109 2943 rationem
1126 2882 1252 2943 constat
1255 2876 1436 2958 ‚A·eschy

161 2984 227 3047 lum
256 2990 363 3049 autem
392 2986 545 3068 elegimus
575 3005 592 3050 e
619 2987 815 3067 tragicorum
839 2990 916 3067 poet
918 3004 1008 3049 arum
1032 3003 1174 3065 numero,
1211 2984 1286 3066 quia
1310 3002 1436 3049 omnem

163 3091 202 3155 de
225 3092 412 3172 tragoediae
437 3093 575 3159 dialecto
599 3093 820 3174 quaestionem
844 3093 884 3158 ab
904 3093 1073 3177 Aeschylo,
1099 3092 1321 3175 antiquissimo
1347 3091 1436 3155 cuius

165 3197 293 3278 quidem
322 3200 507 3281 tragoedias
534 3201 689 3266 habemus
718 3208 815 3283 poeta
844 3201 1053 3283 repetendam
1079 3219 1150 3266 esse
1172 3199 1266 3264 facile
1290 3203 1436 3280 apparet.

270 3305 410 3383 Quarum
440 3305 613 3372 formarum
641 3308 728 3373 haud
756 3327 874 3389 paucas
903 3327 1016 3374 revera
1045 3307 1085 3373 ab
1110 3307 1266 3389 Aeschylo
1298 3306 1436 3387 scriptas

163 3409 262 3477 luisse
296 3412 443 3493 pluribus
479 3415 677 3495 argumentis
713 3415 950 3497 comprobatur.
996 3414 1140 3479 Primum
1164 3413 1291 3495 quidem
1316 3413 1437 3478 multae

163 3537 369 3585 numerorum
397 3521 523 3587 ratione
551 3523 598 3586 ita
627 3522 843 3603 postulantur,
878 3527 1006 3588 utnon
1034 3522 1132 3587 liceat
1156 3521 1283 3586 Atticae
1307 3521 1438 3586 dialecti

162 3625 282 3692 formas
305 3628 338 3692 in
363 3647 473 3694 eorum
495 3629 600 3695 locum
624 3630 838 3709 substituere3
864 3635 932 3695 tum
956 3629 1118 3710 scriptura
1142 3626 1348 3694 confirmatur
1365 3646 1438 3693 con-

164 3752 260 3800 sensu
284 3736 423 3802 omnium
446 3736 589 3802 locorum
614 3737 682 3804 sive
705 3738 792 3820 apud
814 3737 917 3803 solum
932 3737 1124 3820 Aeschylum
1142 3737 1210 3802 sive
1226 3736 1311 3817 apud
1328 3753 1438 3802 omncs

164 3843 305 3924 tragicos
340 3849 470 3925 poetas3
507 3851 581 3909 sunt
612 3845 750 3927 denique
778 3863 860 3926 quae
890 3843 1040 3926 analogia
1068 3842 1281 3910 defendantur
1304 3843 1393 3909 uelut
1414 3863 1439 3906 a

164 3949 283 4015 uocalis
323 3951 356 4015 in
397 3953 646 4033 compositarum
679 3971 791 4019 vocum
834 3952 982 4016 iunctura
1023 3956 1220 4017 conservata.
1283 3949 1439 4031 Reliquae

163 4053 285 4123 formae
319 4058 424 4124 minus
460 4066 567 4126 certae
602 4066 686 4127 sunt.
735 4060 854 4125 Tamen
890 4078 947 4124 eae
982 4077 1108 4140 quoque
1143 4076 1183 4122 ne
1214 4057 1438 4138 neglegantur,

165 4165 340 4230 cavendum
363 4170 423 4232 est.
462 4166 530 4231 Iam
556 4167 639 4233 euim
662 4168 695 4232 in
712 4171 841 4234 uetusta
860 4166 917 4230 illa
933 4165 1055 4249 charta,
1080 4165 1131 4231 cui
1147 4163 1306 4229 Timothei
1322 4163 1439 4229 Persas

165 4272 327 4357 debemus,
352 4291 484 4339 cernere
506 4274 593 4358 licet,
623 4274 761 4356 qualis
752 4295 786 4340 m
809 4292 956 4340 sermone
979 4273 1106 4356 poetico
1131 4290 1268 4338 carcaa
1293 4272 1358 4336 400
1382 4291 1439 4354 po-

164 4379 264 4444 tuerit
287 4398 358 4447 esse
381 4380 555 4447 formarum
580 4382 822 4449 dialecticarum
850 4382 929 4446 mixt
929 4382 1019 4466 io,c
1003 4379 1042 4449 ιι
1067 4379 1332 4463 uWilamowitz,
1359 4379 1439 4446 Tim.

164 4504 196 4568 p
213 4487 256 4552 40
268 4504 316 4572 sq
