3188 5062
683 247 900 310 ..42-

156 425 309 492 habuisse
339 425 539 492 demonstrat
566 426 655 491 locus
679 423 768 507 Sept.
788 425 851 490 858
869 425 962 507 (837)
987 426 1079 491 chor:
1116 423 1178 490 τόν
1207 422 1352 491 όστοοον
1375 448 1431 509 με·

158 533 346 615 λόγκροαοο
368 530 559 597 ναύστολον
582 530 736 614 θεωρόόα
763 533 802 597 de
827 533 938 616 cymba
962 532 1130 600 Charonis.
1179 533 1267 612 Quae
1291 553 1361 599 cum
1384 536 1432 601 ita

157 642 231 721 sint,
266 659 370 722 neque
405 641 473 706 veri
504 640 660 706 dissimile
688 647 738 706 est
761 659 870 706 vocem
893 639 1095 723 θεοπρόπος
1118 641 1289 723 aliquando
1314 642 1432 707 Atticis

157 748 190 812 in
214 746 406 830 maluisse,
431 753 463 812 et
486 752 624 830 apparet
648 767 702 814 eos
726 747 815 813 illam
838 766 1000 829 nunquam
1024 748 1064 812 de
1088 749 1201 813 nuntio
1220 749 1341 813 oraculi
1358 767 1431 814 cou-

157 855 284 921 sulendi
307 857 413 936 gratia
436 855 533 921 misso
557 874 741 938 usurpasse.

267 963 400 1028 Accedit
422 963 455 1027 in
478 981 556 1028 voce
579 961 780 1045 θεοπρόπος
796 982 947 1028 mensura
962 993 1080 1043 υ-υσ,
1107 981 1178 1027 cum
1194 956 1289 1029 h'omo
1304 964 1432 1029 Atticus

159 1072 369 1154 praetulisset
391 1097 505 1150 wc,
531 1069 569 1135 cf.
594 1070 632 1136 de
652 1071 749 1154 MesS,
774 1071 855 1136 Mus.
873 1071 973 1136 Rhen.
993 1073 1044 1151 58,
1070 1091 1100 1152 p.
1121 1073 1194 1136 286.
1231 1071 1263 1135 Is
1288 1089 1433 1154 compro·

158 1179 249 1245 bavit
282 1179 476 1260 positionem
511 1183 587 1243 ante
623 1184 743 1243 mutam
779 1197 849 1243 cum
885 1179 1008 1261 liquida
1043 1198 1083 1242 ex
1106 1179 1206 1260 epicis
1231 1183 1263 1243 et
1286 1179 1431 1243 iambicis

159 1286 270 1352 Ionum
295 1286 489 1351 carminibus
510 1285 542 1350 in
558 1287 759 1368 tragoediam
775 1292 939 1368 receptam
955 1287 996 1352 ab
1013 1287 1123 1351 Attica
1138 1285 1276 1350 dialecto
1293 1286 1432 1350 alienam

161 1412 241 1459 esse.
280 1393 370 1459 Nova
394 1393 493 1474 igitur
516 1394 640 1459 accedit
664 1412 770 1475 causa,
795 1412 852 1459 cur
875 1391 1076 1475 θεοπρόπος
1099 1394 1132 1457 iu
1155 1394 1325 1474 tragoedia
1347 1394 1432 1457 inter

159 1519 254 1567 noces
276 1500 403 1567 lonicas
426 1519 591 1582 ponamus.
1323 1499 1330 1513 ‘

711 1685 890 1752 ΨΗΓΜΑ.

266 1823 326 1904 Ag.
343 1824 407 1887 442
432 1821 525 1905 (424)
550 1821 637 1888 chor.

480 1928 498 1993 ὁ
519 1926 751 2011 χρυσαμοιβὸς
774 1927 806 1993 θ’
831 1926 936 2011 ’Ἄρης
960 1928 1131 2010 σωμάτων

478 2038 535 2102 καὶ
557 2035 788 2119 ταλαντοῦχος
812 2035 848 2099 ἐν
871 2035 962 2118 μάχῃ
988 2033 1089 2116 θορὸς

480 2142 646 2226 πυρωθὲν
671 2143 707 2226 ἐξ
733 2142 829 2208 Ἰλόοο

481 2250 608 2335 φίλοισι
630 2252 755 2334 πέμπει
777 2249 865 2334 βαρὺ

480 2364 622 2442 ψῆγμα
647 2357 880 2441 θασὸόκροτοο
904 2357 959 2423 όν-

585 2468 731 2548 τήναρος
755 2464 886 2530 σποδοῦ
909 2466 996 2548 γεμί-

588 2572 655 2654 ζων
678 2571 825 2655 λέβητας
848 2570 1022 2651 εὐθέτους.

274 2678 391 2762 Ψῆγμα
420 2699 439 2743 a
463 2681 565 2762 stirpe
589 2696 677 2761 ψακ-
706 2663 758 2765 (cl.
782 2679 909 2762 ψακός,
939 2679 1054 2762 ψήχω)
1086 2677 1257 2743 formatum
1288 2697 1433 2760 „ramen-

164 2792 251 2852 tum‘⁴
280 2793 339 2852 est.
379 2787 489 2869 Neque
512 2805 589 2853 vero
613 2788 653 2852 de
676 2787 822 2868 quolibet
844 2791 988 2851 ramento
1008 2792 1192 2867 usurpatur,
1217 2786 1273 2852 sed
1298 2787 1331 2851 in
1355 2787 1434 2852 duas

163 2892 417 2976 significationes
444 2895 547 2959 artius
580 2894 838 2975 circumscriptas
868 2894 964 2975 abiit,
1001 2912 1073 2957 nam
1109 2892 1194 2974 apud
1224 2893 1434 2974 philosophos

164 3001 318 3084 quosdam
343 3002 521 3084 particulae
546 3020 715 3084 corporum
740 3001 889 3066 minimae
918 3001 978 3065 hac
1001 3018 1079 3067 voce
1103 3001 1318 3082 nominantur,
1348 3001 1434 3082 apud

164 3109 305 3191 reliquos
328 3113 435 3174 autem
460 3109 635 3191 scriptores
658 3113 780 3190 ψῆγμα
806 3114 1006 3189 „ramentum
1030 3109 1133 3173 auri“
1162 3115 1220 3174 est.

270 3216 358 3281 Inter
393 3216 602 3298 philosophos
637 3215 775 3282 fortasse
811 3217 875 3281 iam
903 3216 1087 3282 Heraclitus
1122 3234 1199 3281 voce
1228 3219 1348 3297 ψῆγμα
1383 3215 1434 3281 vel

165 3322 359 3404 ψηγμάτων
383 3342 459 3389 usus
483 3328 543 3403 est,
569 3325 629 3390 etsi
654 3325 810 3389 incertum
829 3330 887 3400 est,
911 3342 1080 3406 quemnam
1104 3341 1234 3389 sensum
1251 3323 1279 3386 ei
1297 3323 1433 3388 dederit.

166 3429 203 3495 cl.
230 3430 360 3512 doxogr.
382 3451 412 3514 p.
432 3432 496 3496 312
522 3438 554 3496 et
569 3431 684 3497 Dielsil
700 3432 781 3514 prol.
806 3453 837 3514 p.
856 3433 929 3495 221.
971 3433 1075 3513 Atque
1092 3430 1283 3496 Aristoteles
1306 3452 1341 3495 π.
1361 3429 1433 3512 οόρ.

165 3537 222 3602 ΙΙΙ.
241 3539 269 3619 5,
298 3539 353 3604 ubi
383 3539 563 3604 doctrinam
587 3539 842 3605 Heracliteorum
868 3539 1067 3621 quorundam
1092 3543 1327 3617 commemorat,
1358 3539 1437 3603 dicit

164 3667 195 3728 p.
214 3647 278 3711 304
302 3665 321 3711 a
346 3649 384 3710 21
418 3645 455 3711 ἐκ
478 3650 539 3711 τοῦ
569 3645 883 3729 λεπτομερεστάτου
908 3644 1132 3727 όντιθεμόταα
1158 3645 1242 3728 φασὶ
1264 3644 1437 3726 γίγνεσθαι

165 3750 275 3817 τόλλα
297 3752 456 3836 καθάπερ
474 3751 516 3818 ἂν
533 3754 561 3817 εἰ
577 3754 851 3837 σσμφοσωμένοα
867 3754 1057 3835 ψήγματος.
1097 3753 1304 3818 Potissimum
1328 3758 1436 3816 autem

167 3861 214 3926 ita
228 3861 338 3927 vocari
353 3861 446 3941 solet,
463 3862 548 3943 quod
564 3880 623 3929 nos
639 3862 773 3927 dicimus
794 3860 1150 3943 „Sonuensttubcheu“‚
1167 3862 1201 3926 id
1216 3860 1301 3942 quod
1316 3859 1437 3926 Demo·

169 3969 269 4033 critus
297 3967 415 4034 dixisse
439 3969 575 4049 videtur,
608 3968 646 4036 ci.
670 3970 804 4035 Aristot.
820 3987 856 4037 π.
874 3967 946 4050 οόρ.
959 3968 1013 4034 IV.
1028 3972 1057 4049 6,
1082 3969 1137 4033 ubi
1160 3968 1246 4035 illius
1271 3968 1436 4035 doctrinae

166 4077 360 4141 mentionem
384 4076 473 4157 lacit,
498 4096 528 4158 p.
546 4078 636 4141 313a
661 4078 718 4141 20:
754 4081 868 4143 natare
896 4077 1050 4158 quasdam
1079 4095 1131 4142 res
1155 4072 1289 4157 propter
1313 4077 1435 4159 exigui·

166 4188 267 4248 tatem
292 4181 366 4247 οἷον
388 4186 510 4265 ψῆγμα
532 4184 589 4248 καὶ
613 4181 701 4248 ἄλλα
723 4182 834 4266 γεώδη
857 4184 914 4249 καὶ
936 4181 1146 4265 κονιορτώθη
1172 4183 1228 4247 ἐπὶ
1247 4185 1308 4247 τοῦ
1324 4181 1436 4265 ἀέρος.

167 4291 289 4356 Eodem
312 4307 409 4356 sensu
432 4310 542 4357 vocem
565 4296 701 4373 usurpat
723 4292 808 4357 Plut.
826 4310 904 4355 mor.
928 4310 959 4371 p.
979 4293 1085 4371 722Α,
1110 4291 1165 4372 qui
1190 4309 1229 4355 ex
1243 4291 1436 4371 Anaxagora

168 4403 391 4480 argumentum
419 4415 480 4465 nec
508 4418 569 4465 uon
598 4400 701 4481 ipsam
724 4397 862 4464 fortasse
884 4416 993 4464 vocem
1016 4399 1133 4465 hausit.
1181 4399 1327 4480 Denique
1350 4398 1434 4462 Plut.

168 4525 246 4571 mor.
271 4525 303 4588 p.
322 4506 418 4570 695Β
443 4506 482 4571 de
499 4506 667 4588 particulis
684 4506 776 4590 nivis,
800 4506 934 4589 Longin.
951 4505 1012 4589 lrg.
1030 4510 1047 4571 7
1066 4504 1194 4591 (Toup.)
1217 4505 1302 4589 apud
1318 4504 1436 4572 Euseb.
