3188 5062
742 248 964 312 ..38-

222 432 292 495 τῶν
308 426 438 511 ίχύύων
453 427 510 491 καί
526 424 698 508 ἐξειρύσαι.
731 426 772 493 Π.
791 428 832 491 95
857 428 934 506 πᾶς’
948 423 1034 509 ἀνὴρ
1051 424 1167 491 αὐτῶν
1183 423 1495 510 ἀμφίβληστρον

223 535 367 618 ἔκτηται,
392 537 440 617 τῷ
465 539 526 617 τῆς
541 533 604 616 μὲν
620 534 750 616 ἡμέρης
767 531 866 616 ίχύύς
882 532 1023 616 ἀγρεύει,
1047 533 1110 617 τὴν
1126 533 1164 600 ἀὲ
1179 534 1285 599 νύκτα
1302 585 1309 600 .
1328 589 1334 602 .
1353 584 1360 599 .
1386 535 1496 618 ἵστησι

222 642 260 708 τὸ
291 640 604 725 ἀμφίβληστρον
631 641 687 705 καὶ
717 639 833 705 ἔπειτα
861 638 962 722 ἐσὸύς
989 641 1050 706 ὑπ’
1077 640 1161 707 αὐτὸ
1190 623 1353 722 κατεύδει,
1382 661 1424 709 sc.
1455 662 1495 708 ne

223 768 360 831 conopes
384 768 456 815 eum
481 749 656 814 mordeant.

329 858 423 939 Apud
446 856 570 921 Atticos
599 855 775 936 scriptores
811 855 1012 921 enotavimns
1047 855 1105 921 bos
1136 857 1240 923 locos:
1280 858 1372 924 Plato
1398 856 1496 940 Soph.

224 965 336 1031 2353.
366 961 632 1046 περιειληφαμεν
663 963 699 1027 ἐν
728 960 1009 1046 άμφιβληστρικῷ
1032 986 1097 1028 τινι
1124 968 1194 1029 τῶν
1218 965 1254 1029 ἐν
1277 963 1391 1046 λόγοις
1422 1013 1463 1029 ..
1490 1017 1496 1032 .

224 1071 388 1155 ὀργάνων.
434 1071 628 1153 Antiphanis
656 1070 715 1152 frg.
742 1073 805 1134 194
833 1071 937 1154 (Kock
952 1071 993 1136 ΙΙ.
1012 1074 1063 1152 99,
1094 1072 1167 1137 Mei.
1185 1072 1241 1138 III.
1258 1075 1334 1153 109)
1364 1070 1498 1155 ίχάύοιν

224 1177 483 1263 ἀμφίβληστρον
496 1177 581 1261 ἀνὴρ
598 1177 742 1258 πολλοῖς
758 1175 961 1260 ἐπιβάλλων.
998 1178 1109 1244 Sermo
1122 1177 1291 1245 familiaris
1308 1199 1370 1245 non
1388 1185 1446 1257 est,
1464 1179 1498 1243 id

223 1289 307 1371 quod
323 1287 373 1352 ucl
388 1293 524 1352 metrum
541 1287 643 1353 docet.
678 1286 848 1353 Menandri
871 1283 932 1366 frg.
952 1288 992 1350 nt
1010 1285 1117 1370 (Koclr
1132 1287 1189 1352 ΙΙΙ.
1206 1291 1256 1367 11,
1281 1288 1354 1353 Mei.
1373 1288 1427 1354 IV.
1442 1287 1497 1369 18)

225 1392 471 1478 άμφιβληστρῳ
500 1390 747 1475 περιβάλλεται.
795 1393 942 1475 Denique
972 1394 1005 1458 in
1035 1394 1145 1475 lingua
1170 1395 1327 1460 communi
1350 1413 1412 1459 rou
1434 1395 1498 1459 usi-

224 1510 294 1570 tata
318 1508 368 1569 est
390 1521 449 1584 pro
475 1520 512 1567 eo
536 1502 620 1584 quod
646 1505 695 1566 est
717 1505 797 1575 rete,
822 1500 912 1566 velut
927 1501 1023 1565 LXX.
1041 1501 1093 1566 Ps
1110 1502 1173 1565 140
1188 1503 1291 1586 (141).
1308 1504 1360 1583 10,
1377 1500 1498 1568 Eccles.

225 1612 324 1690 9.15‚
354 1609 475 1676 Habac.
496 1612 523 1671 1.
544 1609 664 1689 15,16,
685 1611 740 1688 173
770 1607 834 1672 NT.
858 1608 974 1673 Matth.
999 1611 1028 1672 4.
1050 1610 1100 1688 18,
1131 1608 1230 1674 Marc.
1250 1612 1278 1676 1.
1300 1612 1349 1674 16.
1406 1608 1499 1674 Unde

226 1715 436 1801 άμφιβολεύς
470 1716 633 1781 notionem
667 1716 838 1797 piscatoris
874 1715 1001 1798 accepit
1029 1716 1090 1781 Ies.
1111 1718 1161 1781 19.
1180 1717 1210 1782 8.
1268 1717 1305 1781 In
1341 1719 1499 1798 apparatu

226 1826 399 1907 piscatorio
424 1841 533 1889 vocem
557 1828 712 1888 memorat
735 1822 849 1888 Pollux
872 1824 896 1889 Ι.
915 1825 967 1903 97,
993 1823 1063 1889 VII.
1084 1824 1156 1903 139,
1181 1824 1221 1890 X.
1242 1825 1315 1890 132.

331 1933 517 1998 Derivatam
534 1928 804 2013 significationem
819 1929 955 2011 praebet
971 1931 1085 1996 Pollux
1099 1931 1139 1997 ll.
1155 1934 1207 2011 tl,
1224 1932 1280 1998 ubi
1296 1933 1336 1997 de
1351 1930 1500 2012 partibus

228 2039 310 2106 oculi
335 2039 479 2105 disserit:
503 2041 551 2121 τῷ
571 2036 608 2103 ἀὲ
624 2037 775 2120 τετάρτῳ
798 2034 1010 2120 ἀραχνοειὸεῖ
1030 2038 1086 2101 καὶ
1109 2035 1500 2120 ἀμφιβληστροειάεῖ,

228 2149 312 2231 quod
336 2147 451 2211 Latine
479 2151 613 2212 vocatur
641 2145 756 2211 retina.
804 2144 945 2211 Galenus
982 2164 1108 2228 quoque
1145 2164 1214 2211 eam
1251 2147 1379 2228 saepius
1407 2150 1501 2213 vocat

231 2252 532 2337 άμφιβληστρικην.
592 2252 810 2334 Hippocrates
853 2253 982 2335 quidam
1027 2271 1137 2318 vocem
1183 2272 1245 2318 non
1288 2252 1402 2332 babet,
1447 2254 1504 2317 sed

230 2364 404 2428 secundum
427 2361 564 2426 Littraei
599 2361 737 2426 indicem
771 2361 908 2426 retinam
942 2379 1100 2443 nusquam
1135 2359 1237 2425 affert.
1296 2360 1419 2426 Nomen
1454 2362 1502 2426 in·

231 2474 361 2537 ventum
396 2487 467 2534 esse
495 2468 623 2533 videtur
653 2469 693 2533 ab
721 2468 899 2550 Herophilo
929 2467 1195 2534 Chalcedoniensi
1224 2467 1293 2549 (IV.
1318 2468 1446 2533 sacculo
1476 2486 1505 2534 a.

232 2575 306 2642 (ihr.
324 2575 381 2654 n),
406 2574 443 2639 cf.
461 2573 572 2653 Ruina,
590 2594 620 2655 p.
636 2575 677 2638 38
696 2573 816 2640 Glincb.
844 2571 958 2656 ἐττειόη
984 2572 1021 2639 ἀὲ
1050 2572 1233 2658 Ἡρόφιλος
1257 2573 1377 2656 εἰκάζει
1401 2572 1506 2638 αύτὸν

233 2680 480 2765 άμφιβληστρῳ
510 2679 765 2763 άνεσπασμὲνῳ,
802 2679 883 2745 ἔνιοι
911 2682 967 2745 καί
995 2678 1307 2764 ἀμφιβληστροειὸῆ
1332 2677 1504 2748 καλοῦσιν.

336 2790 385 2854 Ex
413 2790 485 2871 ipsa
513 2786 748 2869 significatione
776 2789 932 2871 sequitur,
967 2794 1004 2855 ut
1034 2786 1293 2871 ἀμφίβληστρον
1325 2790 1435 2866 „rete“
1467 2787 1507 2852 ab

232 2896 394 2962 Ionibus
429 2895 638 2977 peculiariter
666 2894 837 2961 formatum
869 2897 921 2963 sit.
968 2897 1036 2961 Iam
1059 2915 1135 2962 vero
1159 2915 1218 2977 per
1243 2914 1277 2961 se
1301 2896 1435 2977 quodvis
1459 2895 1507 2959 in-

232 3010 444 3071 strumentum
468 3001 534 3088 jesa,
570 3021 633 3084 quo
664 3003 786 3085 aliquid
817 3000 1076 3085 ἀμφιβάλλεται,
1111 3004 1196 3069 unde
1224 3003 1313 3069 notio
1343 3003 1423 3068 retis
1453 3003 1507 3066 de·

233 3112 360 3177 ducitur
385 3111 495 3176 addita
518 3111 714 3192 impediendi
739 3117 771 3176 et
795 3111 965 3177 cohibendi
982 3113 1023 3191 ui,
1049 3129 1131 3194 quae
1155 3112 1217 3177 etsi
1240 3131 1259 3176 a
1283 3112 1380 3177 verbo
1405 3109 1507 3192 ἀμφι-

233 3217 372 3303 βάλλειν
401 3237 464 3284 non
493 3218 599 3284 aliena
630 3223 680 3284 cst
712 3217 764 3303 (cl.
790 3218 887 3301 Soph.
913 3221 986 3284 Ant.
1013 3220 1078 3283 344
1103 3219 1188 3285 chor.
1219 3216 1331 3300 φῦλον
1355 3216 1509 3299 ὀρνίύων

236 3324 450 3409 ἀμφιβαλών,
487 3327 555 3391 sim.
586 3323 801 3408 περιβάλλειν
829 3326 880 3391 vel
909 3327 942 3390 in
975 3345 1073 3407 prosa
1102 3324 1271 3408 oratione),
1307 3331 1416 3391 tamen
1446 3345 1509 3391 non

240 3434 425 3500 necessario
448 3434 481 3496 in
504 3452 541 3497 eo
565 3433 660 3497 inest.
699 3434 736 3497 ln
760 3433 887 3498 nomine
912 3433 1011 3515 igitur
1036 3431 1294 3517 ἀμφίβληστρον
1317 3433 1406 3499 notio
1423 3424 1513 3500 verbi

235 3541 389 3623 peculiari
413 3540 506 3606 modo
531 3541 564 3605 in
589 3541 758 3622 angustius
783 3545 948 3606 contracta
971 3547 1030 3608 est.
1071 3541 1236 3623 Nusquam
1260 3542 1344 3607 enim
1369 3542 1409 3607 de
1432 3541 1509 3606 sim-

235 3649 312 3730 plici
332 3654 422 3715 ueste
446 3648 567 3714 dictum
583 3653 642 3714 est.
677 3649 714 3713 Id
738 3653 846 3714 autem
870 3666 971 3730 aequo
995 3649 1080 3730 apud
1104 3667 1213 3714 omnes
1231 3648 1371 3715 Graecas
1396 3652 1509 3730 gantos

236 3755 356 3820 facturn
392 3774 462 3821 esse
490 3757 543 3821 vix
578 3755 742 3837 probabile
772 3757 899 3822 videtur
930 3774 1008 3821 esse.
1055 3757 1189 3822 Factum
1221 3761 1270 3820 est
1307 3760 1393 3821 certe
1426 3756 1513 3837 apud

236 3862 367 3941 Iones3
393 3864 479 3944 apud
495 3864 675 3930 Atticorum
698 3868 805 3930 autem
829 3865 1025 3945 scriptorum
1048 3864 1206 3929 neminem
1230 3864 1277 3929 ita
1300 3864 1511 3945 legitur'vorq

237 3976 274 4034 ut
309 3970 532 4036 consuetudini
566 3990 624 4052 pro
661 3976 748 4037 certo
789 3971 959 4037 tribuenda
998 3971 1051 4037 sit.
1109 3972 1202 4036 Plato
1241 3976 1274 4036 ot
1309 3970 1512 4051 Antiphanes

239 4078 365 4158 poetico
401 4094 548 4142 sermone
583 4081 727 4152 utuntur,
764 4078 933 4144 Menandri
967 4097 1072 4145 sermo
1106 4079 1191 4144 haud
1226 4078 1339 4159 procul
1370 4077 1462 4142 abest
1494 4097 1513 4143 a

239 4184 349 4265 lingua
385 4185 550 4250 communi.
598 4183 709 4267 Neque
740 4192 799 4266 est,
835 4187 890 4269 qui
918 4204 1028 4251 vocem
1059 4187 1183 4267 priscae
1206 4186 1334 4252 Atthidi
1358 4186 1510 4266 vindicet,

241 4309 314 4357 uam
338 4291 510 4358 verisimile
534 4311 597 4358 non
622 4297 671 4359 ost
695 4312 765 4359 eam
789 4299 896 4360 aetate
920 4290 1158 4360 antehomerica
1180 4292 1337 4360 floruisse.
