3188 5062
685 264 906 335 ..13-

159 468 245 514 mum
267 448 400 531 legitur,
425 450 482 515 sed
506 447 591 532 quod
615 449 704 515 etin
728 451 898 533 tragoedia
922 455 955 516 et
979 450 1064 532 apud
1079 449 1173 516 Iones
1197 469 1295 518 sensu
1316 453 1435 519 detrito

158 575 217 638 pro
235 575 282 637 eo,
303 557 388 638 quod
405 561 455 623 est
470 555 648 639 „amplus“,
664 562 850 639 usurpatur.
887 556 983 624 Certe
999 576 1230 639 saepenumero
1246 559 1326 626 haec
1341 561 1435 643 ratio,

160 664 222 730 etsi
256 662 355 729 fallax
392 682 463 730 esse
487 668 606 749 potest,
642 665 737 730 unica
759 665 812 730 via
836 668 895 748 est,
931 685 995 749 qua
1018 666 1239 747 quaestionem
1264 669 1304 734 de
1328 668 1436 750 singu·

159 772 265 837 larum
288 791 401 858 yocum
425 772 550 854 origine
574 771 751 838 diiudicare
773 773 881 841 liceat.

266 880 333 944 lam
357 899 433 946 uero
464 879 640 963 quaeritur,
676 881 761 945 unde
794 880 874 947 haec
896 881 1014 962 tragici
1038 885 1156 963 poetae
1181 881 1278 948 verba
1301 881 1361 947 tali
1384 880 1436 945 via

160 1005 198 1052 ac
213 987 340 1053 ratione
357 987 485 1053 Ionicae
502 986 640 1053 dialecto
657 988 819 1054 vindicata
836 989 1029 1070 acceperint.
1065 987 1210 1053 Plurima
1226 1007 1265 1054 ex
1279 988 1436 1053 iambicae

158 1094 267 1175 poesis
292 1113 451 1177 sermone,
485 1114 568 1179 quae
592 1095 684 1177 quasi
708 1103 860 1177 parentes
885 1096 1022 1162 diverbii
1045 1096 1164 1179 tragici
1187 1096 1357 1176 habentur,
1386 1114 1437 1160 re·

159 1209 252 1283 cepta
276 1220 347 1267 esse
372 1207 508 1280 constat,
533 1201 571 1268 cf.
588 1203 627 1268 de
644 1203 868 1285 Wilamouitz,
893 1203 1005 1286 philol.
1023 1203 1154 1270 Unters.
1174 1203 1234 1286 III,
1258 1223 1288 1286 p.
1308 1205 1372 1268 310
1386 1221 1432 1285 sq.

159 1309 270 1391 Neque
293 1329 370 1376 uero
394 1311 496 1393 lyrica
519 1311 627 1393 poesis
650 1316 782 1392 praeter
805 1331 853 1392 ea,
890 1330 972 1395 quae
996 1331 1035 1378 ex
1059 1311 1149 1394 epico
1174 1329 1321 1377 sermone
1344 1311 1437 1375 illata

158 1422 234 1484 sunt
258 1418 426 1499 elementa,
464 1437 580 1484 uocum
613 1418 795 1485 Ionicarum
831 1437 944 1502 expers
981 1424 1040 1498 est,
1078 1437 1161 1501 quae
1190 1419 1326 1484 maxime
1349 1417 1436 1500 apud

157 1531 272 1608 poetas
296 1527 390 1593 Iones
414 1531 509 1593 natos
537 1527 570 1592 in
595 1546 688 1592 usum
711 1531 878 1608 venerunt,
907 1526 946 1591 oi.
970 1527 1007 1592 R.
1025 1526 1172 1609 Haletem
1197 1526 1237 1592 de
1262 1526 1437 1593 Stesichori

158 1640 191 1697 et
207 1633 295 1715 Ibyci
313 1635 390 1704 dial.
408 1639 441 1701 et
459 1635 552 1717 copia
568 1635 668 1720 verb,
686 1635 806 1718 Gryph.
828 1637 923 1700 1884.
959 1635 1042 1700 Uter
1058 1639 1166 1701 autem
1188 1633 1260 1700 ions
1276 1633 1434 1714 gravioris

159 1742 312 1807 momenti
341 1744 383 1808 ad
412 1742 674 1809 conformandum
702 1743 861 1824 tragicum
885 1746 918 1807 et
942 1741 1158 1808 diuerbiorum
1182 1746 1215 1807 et
1239 1742 1436 1807 canticorum

158 1865 336 1915 sermonem
381 1848 495 1931 fuerit,
554 1850 681 1916 etiamsi
731 1848 861 1915 difficile
904 1855 954 1916 est
996 1849 1188 1931 diiudicare,
1239 1853 1346 1914 tamen
1390 1867 1431 1913 ne

157 1955 237 2021 haec
269 1957 415 2039 quaestio
450 1959 546 2039 plane
580 1958 788 2041 neglegatur,
823 1976 858 2022 re
894 1962 1028 2040 peracta
1062 1956 1266 2022 tractabitur.
1327 1956 1434 2020 Etiam

159 2063 328 2130 familiaris
345 2065 588 2131 Atheniensium
614 2084 720 2131 sermo
744 2070 890 2147 tempore
913 2066 1109 2146 procedente
1132 2063 1233 2129 multa
1258 2068 1291 2128 et
1315 2062 1379 2126 alia
1403 2067 1436 2127 et

157 2169 269 2236 Ionica
283 2172 442 2238 elementa
454 2174 588 2254 recepit,
604 2171 640 2239 cl.
657 2171 767 2258 [Xan]
780 2192 848 2254 rep.
862 2171 937 2238 Ath.
953 2173 1016 2247 18,
1030 2172 1114 2254 quod
1128 2171 1203 2236 inde
1216 2189 1235 2235 a
1247 2170 1433 2236 VLsaeculo

157 2275 278 2344 iactum
303 2297 374 2346 esse
403 2281 472 2347 ueri
501 2280 660 2363 quandam
685 2281 824 2362 speciem
848 2298 927 2361 prae
951 2299 985 2346 se
1009 2278 1073 2345 fert
1095 2283 1229 2361 propter
1253 2276 1434 2343 commercii

158 2385 409 2454 vicissitudines.
456 2388 550 2453 Unde
584 2406 625 2452 ue
659 2388 800 2453 radicem
828 2387 1043 2452 Ionismorum
1066 2386 1255 2469 tragoediae
1277 2388 1434 2466 petamus,

158 2491 276 2576 obstat,
314 2496 399 2576 quod
430 2495 509 2561 haec
533 2495 689 2577 paulatim
713 2497 815 2578 magis
839 2477 1006 2578 magisque
1030 2495 1140 2560 Attica
1162 2492 1209 2574 fit,
1245 2493 1303 2558 illa
1326 2497 1434 2559 autem

158 2599 287 2665 Atticae
312 2603 552 2669 consuetudinis
576 2603 738 2670 elementa
761 2608 906 2686 tempore
929 2603 1126 2686 procedente
1149 2601 1243 2668 valde
1263 2606 1432 2684 augentur.

575 2839 601 2900 1.
630 2837 757 2903 Voces
780 2835 1015 2918 peregrinae.

364 2990 553 3076 ΔΕΛΤΟΣ,
584 2993 923 3076 Andromede,
954 2990 1232 3060 ΔΕΛΤΟῩΜΑΙ.

267 3135 376 3218 Suppl.
397 3139 458 3202 179
478 3137 571 3223 (169)
588 3141 673 3205 trim.
692 3140 777 3205 αἰνῶ
802 3137 950 3222 φυλάξαι
964 3136 1041 3221 τᾶμ’
1064 3136 1129 3219 ἔντη
1148 3134 1431 3217 δελτονμένας.

160 3244 266 3308 Prom.
285 3246 347 3309 789
366 3247 454 3328 (787)
478 3247 564 3314 trim.
588 3247 758 3330 μνήμοσιν
781 3244 942 3327 δέλτοις
966 3248 1115 3328 φρονῶν.
1150 3245 1240 3309 Eum.
1259 3245 1321 3307 275
1339 3242 1432 3324 (271)

159 3351 246 3416 chor.
272 3348 541 3436 δελτογράφῳ
566 3351 604 3419 δὲ
626 3354 726 3419 στάντ’
756 3353 881 3436 ἐπαιτιᾷ
905 3355 1012 3436 φρενί.
1059 3354 1118 3418 Est
1142 3352 1242 3435 igitur
1269 3350 1290 3433 ἡ
1315 3347 1434 3429 δέλτος

162 3458 293 3538 „tabula
316 3459 521 3541 scriptoria“,
545 3461 630 3526 unde
655 3460 826 3527 formatum
849 3467 899 3527 est
915 3459 1148 3542 δελτογράφος
1164 3458 1240 3541 ,qui
1256 3459 1289 3523 in
1305 3457 1432 3522 tabulas

159 3565 277 3632 relert“
316 3571 348 3632 et
382 3564 566 3651 δελτοῦμαι
602 3569 656 3650 „in
687 3570 814 3635 tabulas
838 3568 977 3646 refero“,
1011 3568 1050 3634 cf.
1075 3567 1174 3634 schol.
1199 3568 1240 3631 ad
1264 3563 1374 3647 Suppl.
1401 3567 1434 3627 et

158 3670 249 3738 Eum.
272 3673 294 3738 l.
312 3692 337 3739 a.
372 3674 493 3740 Eodem
517 3695 615 3743 sensu
639 3673 759 3757 δέλτος
780 3677 901 3760 legitur
925 3677 1011 3760 apud
1034 3673 1227 3757 Sophoclem
1251 3672 1363 3738 Trach.
1379 3674 1431 3753 47,

162 3782 235 3862 157,
262 3783 336 3862 683,
363 3780 423 3864 fug.
443 3784 506 3849 540
530 3785 561 3848 in
587 3785 739 3851 diuerbiis
764 3791 796 3852 et
813 3786 898 3868 apud
915 3785 1101 3867 Euripidem
1118 3783 1204 3847 haud
1218 3799 1303 3845 raro.
1333 3778 1431 3861 Lyco-

157 3888 260 3968 phron
284 3889 332 3954 dl.
354 3891 437 3955 1382
462 3893 657 3973 tragicorum
674 3912 765 3960 usum
783 3894 938 3977 sequitur,
964 3911 1066 3975 aeque
1083 3896 1182 3973 atque
1198 3886 1431 3975 Aristophanes

160 3995 285 4062 Thesm.
312 3998 375 4062 778
399 4015 492 4081 auap.
520 3996 579 4080 άγε
609 3997 651 4082 δὴ
681 4001 835 4066 πινάκων
866 3999 993 4082 ξεστῶν
1024 3997 1167 4064 δέλτοι.
1215 3994 1431 4062 Mnesilochus

159 4104 242 4168 enim
266 4104 430 4186 Euripidis
451 4105 657 4174 Palamedem
681 4109 837 4191 imitatur,
864 4108 901 4174 ci.
920 4108 1042 4189 Nauck,
1068 4115 1150 4190 trag.
1169 4105 1281 4171 Graec.
1298 4099 1430 4184 fragm.²

157 4228 187 4292 p.
206 4210 279 4279 542.
315 4209 411 4277 (lolor
435 4218 522 4280 certe
539 4215 688 4282 dictionis
705 4217 848 4300 tragicus
865 4222 923 4284 est.
960 4216 1067 4282 Etiam
1082 4215 1115 4279 in
1131 4212 1277 4278 Platonis
1293 4209 1432 4292 epistula

158 4318 263 4384 altera
285 4319 452 4401 parali:
479 4323 651 4404 φραστέον
675 4321 712 4388 δέ
729 4341 782 4389 σοι
798 4322 839 4388 δι’
859 4325 1031 4407 αἰνιγμῶν,
1057 4321 1097 4387 ἵν’
1125 4317 1166 4385 άν
1190 4338 1222 4385 τι
1243 4317 1265 4401 ἡ
1290 4314 1432 4396 δέλτος

157 4423 179 4507 ἢ
204 4425 333 4492 τιόντου
357 4426 378 4511 ἢ
402 4431 463 4511 γῆς
487 4429 523 4494 έν
539 4437 684 4514 πτυχαῖς
704 4431 813 4516 radda),
839 4431 857 4498 ὁ
875 4430 1043 4514 ἀναγνοὺς
1058 4428 1105 4513 μὴ
1121 4431 1190 4512 γνῷ
1207 4446 1312 4495 sermo
1328 4425 1431 4508 poeti·

158 4551 214 4600 cus
231 4540 291 4620 est,
316 4555 416 4619 quare
434 4537 543 4621 Cobet,
568 4538 638 4621 λον.
656 4540 728 4623 ἑρμ.
749 4544 777 4624 1,
802 4561 834 4625 p.
852 4544 916 4606 156
929 4560 976 4623 sq.
1002 4539 1138 4607 coniecit
1154 4536 1315 4604 senarium
1330 4533 1431 4615 tragi-
