3188 5062
679 257 899 322 ..20-

262 437 388 519 ἄϊστος,
418 434 549 500 ἄϊστόω
576 436 640 500 iam
669 436 755 518 apud
778 435 953 501 Homerum
980 434 1132 514 leguntur
1160 449 1256 496 sensu
1286 430 1427 514 genuino

156 547 196 612 de
221 566 267 628 eo,
291 547 346 628 qui
371 544 510 627 conspici
526 562 589 609 non
605 546 723 625 potest.
763 540 793 616 Ξ
808 544 871 607 258
895 543 953 607 καί
969 542 1006 605 κέ
1021 546 1055 623 μ’
1073 537 1192 604 ἄϊστον
1208 537 1270 603 ἄπ’
1287 536 1429 620 αῑᾶέρος

157 651 284 736 ἔμβαλε
307 652 436 734 πόντῳ.
483 672 505 715 α
521 652 585 716 235
609 655 722 715 κεῖνον
746 648 810 732 μὲν
834 646 953 713 ἄϊστον
974 648 1148 729 ἐποίησαν.
1195 667 1217 710 α
1235 647 1298 710 242
1324 643 1427 728 οἴχετ’

160 758 291 839 ἄϊστος,
328 757 488 838 ἄπυστος.
536 760 642 823 κ259
679 757 711 821 ol
739 755 772 821 δ’
802 755 863 839 ἅμ’
890 753 1114 836 ἄϊστώᾶησαν
1145 751 1293 833 ἀόλλεες.
1340 775 1361 817 ο
1386 754 1427 816 79

157 865 205 948 ὡς
229 866 285 949 ἔμ’
312 866 516 931 ἀϊστώσειαν
539 864 647 951 (sicuti
670 865 811 931 Pandari
834 863 943 948 filias).
989 863 1053 929 Ubi
1076 879 1189 927 sensus
1213 880 1315 943 prope
1339 878 1429 926 acoe-

157 976 205 1040 dit
228 975 269 1039 ad
286 974 448 1039 notionem
466 971 593 1039 delendi
617 969 660 1058 (Ξ
679 970 767 1058 258),
792 977 900 1037 tamen
924 971 1115 1037 subauditur
1139 968 1333 1036 deletionem
1357 965 1429 1032 fieri

158 1081 341 1148 occulendo.
860 1140 863 1145 ⁴

263 1188 399 1254 Praeter
432 1187 609 1252 Homerum
640 1205 701 1253 vox
735 1186 856 1270 legitur
885 1186 970 1268 apud
1000 1185 1184 1266 Pindarum,
1218 1184 1429 1265 Herodotum,

158 1297 336 1375 Platonem,
362 1294 418 1377 qui
442 1295 472 1358 ei
496 1312 605 1360 omnes
628 1312 757 1360 sensum
781 1293 940 1360 delendi
963 1294 1119 1359 tribuunt.

264 1400 605 1484 Pind.Pyth.11137:
635 1398 770 1465 πολλὰν
794 1397 864 1483 ἄρα
886 1403 955 1484 πῦρ
981 1398 1017 1481 ἐξ
1038 1397 1115 1479 ἑνὸς
1140 1399 1334 1481 σπέρματος
1353 1397 1359 1472 1
1379 1397 1429 1462 ε’ν-

158 1510 268 1595 ἄορὸν
293 1509 458 1575 ἄίστωσσν
486 1507 583 1576 ὕλαν.
630 1509 707 1574 Isth⁴
728 1507 790 1575 VII
812 1507 883 1594 (VI)
907 1510 948 1572 43
978 1508 1011 1572 in
1039 1507 1116 1572 libb.
1143 1511 1175 1573 et
1203 1506 1307 1571 altero
1331 1504 1430 1571 schol.

159 1617 357 1700 ἄνᾶσκομεν
380 1614 442 1699 γὰρ
471 1615 566 1699 ὁμῶς
601 1613 766 1695 ἄπαντες·
787 1615 793 1701 Ι
814 1613 947 1696 δαίμων
971 1612 1003 1679 d’
1031 1613 1148 1694 ἄϊστος
1194 1614 1227 1679 id
1256 1619 1305 1680 est
1338 1614 1431 1693 „For-

159 1730 238 1790 tuna
273 1723 502 1789 interficiens“.
553 1723 700 1788 Alterum
728 1722 884 1788 scholium
922 1722 1004 1806 legit
1040 1719 1137 1802 ἄϊσος
1174 1740 1256 1803 „non
1293 1729 1430 1804 aequa“.

159 1832 278 1899 Herod.
301 1831 358 1897 ΙΙΙ.
382 1833 439 1895 69;
487 1829 700 1911 ἐπίλαμπτος
728 1826 766 1893 dd
795 1828 999 1912 ἀφάσσουσα
1028 1826 1121 1894 ἔσται
1149 1826 1185 1893 οὗ
1214 1827 1346 1910 erbam,
1384 1827 1432 1909 ὡς

161 1938 321 2004 ἄϊστώσεσ
357 1958 415 2019 μιν
453 1939 510 2022 (sc.
549 1937 731 2019 Phaedyme
770 1935 956 2021 Smerdin.),
996 1936 1054 2003 111.
1080 1938 1158 2001 127:
1200 1933 1432 2019 Ὀροίτης

160 2047 262 2110 τοῦτο
285 2043 349 2127 μὲν
372 2041 433 2109 boo
457 2044 575 2127 ἡμέων
589 2043 736 2126 ἠίστωσε
755 2044 931 2119 „necavit“.
979 2045 1061 2109 Plat.
1078 2045 1166 2111 Prot.
1185 2045 1299 2109 321Α;
1324 2047 1433 2110 ταῦτα

162 2150 200 2216 δὲ
223 2142 415 2234 ἐμηχανᾶτο
439 2148 618 2233 ehi-dfferor
642 2148 729 2232 ἔχων
751 2151 798 2233 μη
822 2169 854 2215 τι
877 2152 974 2232 γένος
997 2149 1185 2233 ἄϊστωᾶείη
1211 2152 1267 2236 (sc.
1296 2148 1432 2232 ’Harun-

162 2256 269 2341 ἄεᾶς).
327 2259 421 2323 Plato
456 2258 512 2323 illo
546 2257 616 2323 loco
648 2257 860 2338 Protagoram
896 2259 1074 2340 sophistam
1106 2259 1265 2324 dicentem
1300 2259 1433 2324 inducit.

159 2366 333 2432 Praeterea
348 2364 489 2431 fabulam
513 2365 553 2431 de
569 2365 758 2447 Epimetheo
784 2371 817 2432 et
840 2366 1032 2431 Prometheo
1056 2370 1177 2447 narrat,
1203 2367 1237 2431 in
1254 2385 1317 2449 qua
1334 2366 1431 2446 γένος

161 2471 302 2538 ἄϊστοῦν
325 2474 417 2555 quasi
441 2471 578 2537 formula
602 2474 699 2538 etiam
727 2474 760 2538 in
784 2475 952 2557 tragoedia
975 2475 1081 2541 Prom.
1109 2476 1172 2539 232
1196 2475 1326 2556 legitur.
1376 2471 1435 2538 Go-

159 2579 261 2644 lorem
296 2581 457 2661 poeticum
492 2597 570 2661 prae
606 2598 640 2644 se
674 2579 783 2645 ferunt
813 2580 845 2645 in
873 2582 931 2645 illa
960 2582 1146 2646 narratione
1175 2601 1206 2662 p.
1225 2579 1324 2646 3200
1347 2599 1433 2662 sqq.:

159 2683 202 2768 ἦν
231 2686 293 2769 γάρ
323 2704 407 2751 ποτε
427 2685 553 2769 χρόνος
575 2739 581 2753 .
605 2736 612 2750 .
636 2740 642 2753 .
668 2684 783 2771 ἄνητὰ
810 2688 887 2770 γᾶνη
906 2737 913 2752 .
932 2737 965 2753 ..
990 2689 1196 2771 εἱμαρμένης
1212 2743 1219 2756 .
1238 2738 1271 2754 ..
1302 2685 1434 2771 πτηνὸν

162 2791 272 2875 φογην
288 2844 295 2858 .
314 2843 321 2858 .
340 2792 451 2876 ,βορά
475 2797 508 2860 et
530 2793 633 2858 multa
656 2795 729 2860 alia.
765 2795 912 2878 Denique
928 2793 1066 2875 Ἄϊστος
1086 2798 1269 2878 appellatur
1288 2796 1435 2861 Minerva

160 2899 394 2986 Lamproclis¹)
419 2901 451 2965 in
475 2899 655 2982 fragmento
677 2902 800 2984 hymni:
829 2900 1000 2967 Παίίᾶἄα
1017 2953 1024 2968 .
1044 2951 1077 2968 ..
1104 2901 1223 2969 ἄϊστον
1245 2901 1433 2985 παρᾶένον.

162 3006 200 3073 ol.
219 3008 404 3090 Buttmann,
431 3009 514 3073 lenil.
533 3010 557 3086 Ι,
580 3029 612 3091 p.
630 3011 788 3090 abanet,
813 3012 869 3093 qui
893 3010 1126 3078 circumscribit
1150 3010 1325 3077 ἀϊστοᾶσα.
1364 3011 1435 3076 Vox

161 3117 248 3198 apud
273 3117 381 3197 epicos
405 3117 601 3184 recentiores
626 3117 710 3183 redit
737 3118 770 3182 in
794 3136 896 3199 usum,
934 3117 971 3182 cf.
996 3118 1056 3200 Ap.
1084 3117 1143 3182 Rb.
1168 3118 1212 3183 IV
1230 3120 1293 3182 746
1311 3117 1366 3194 al.;
1401 3117 1435 3182 in

163 3222 275 3306 lingua
301 3223 461 3289 communi
486 3242 555 3289 eam
579 3244 641 3290 non
665 3225 739 3306 legi.
787 3225 877 3291 Adde
900 3223 989 3291 Suid.
1015 3244 1039 3289 s.
1057 3245 1084 3290 v.
1111 3223 1251 3307 ἄίστωρ·
1281 3222 1299 3287 ὁ
1324 3220 1436 3305 ἀγνὼς

160 3325 413 3411 ἢὸφωως
1078 3333 1081 3338 ’

269 3435 458 3503 Memoriam
482 3438 569 3503 vocis
593 3457 688 3521 quam
710 3437 909 3504 brevissimis
933 3438 1108 3504 delineavit
1131 3439 1317 3516 Buttmann,
1348 3435 1433 3500 lexil.

161 3542 178 3606 Ι
199 3562 232 3624 p.
252 3543 327 3610 250.
373 3544 541 3611 Profectus
574 3551 623 3611 est
647 3566 667 3610 a
690 3544 926 3626 significatione
948 3545 1118 3627 primaria:
1149 3546 1247 3617 einer,
1276 3562 1338 3610 von
1363 3543 1434 3607 dem

161 3649 310 3717 niemand
328 3653 418 3716 mehr
435 3658 535 3719 etwas
551 3651 650 3732 wells,
676 3653 777 3718 daher
792 3648 822 3725 Ξ
837 3653 900 3716 258
916 3652 1106 3718 vernichtet.
1146 3652 1299 3717 Fortasse
1316 3650 1436 3714 rectius

161 3756 401 3838 proficiscemur
425 3778 445 3825 a
469 3757 721 3841 significatione:
759 3759 983 3840 ‚‚invisibilis“‚
1020 3778 1114 3840 quam
1149 3759 1233 3841 apud
1261 3758 1435 3823 Homerum

162 3864 308 3929 omnibus
343 3866 422 3932 locis
464 3872 684 3933 conservatam
724 3885 794 3932 esse
833 3867 1026 3932 testimoniis
1066 3886 1164 3950 supra
1203 3865 1311 3930 allatis
1352 3882 1436 3928 com-

161 3972 330 4052 probatur.
372 3974 546 4039 Homerum
569 3975 715 4039 imitatur
741 3974 914 4056 Aeschylus
937 3974 1028 4039 Eum.
1055 3976 1117 4038 565
1144 3974 1230 4038 chor.
1256 4003 1290 4023 =
1318 3991 1339 4034 α
1360 3971 1435 4050 242,

161 4078 266 4144 Prom.
285 4082 349 4145 910
367 4081 452 4146 trim.
476 4110 521 4136 =
533 4078 563 4154 Ξ
577 4084 652 4163 258,
670 4082 703 4147 id
720 4082 804 4163 quod
820 4082 975 4146 Franklin
993 4083 1142 4164 cognovit
1157 4083 1191 4145 in
1207 4078 1437 4145 dissertatione

162 4204 261 4270 supra
285 4207 397 4253 comm.
446 4187 571 4255 Ceteris
595 4189 683 4270 locis,
708 4189 763 4255 ubi
789 4190 874 4271 apud
897 4187 1089 4271 Aeschylum
1114 4185 1232 4268 ἄϊστος
1255 4186 1342 4254 valet
1365 4185 1437 4264 „in-

165 4402 375 4413 -—.-—.-

270 4524 293 4595 1)
311 4523 345 4581 el.
364 4539 389 4578 v.
400 4523 589 4592 Wilsmowitr,
607 4522 770 4593 Textgesch.
790 4523 839 4578 dor
856 4538 896 4592 gr.
917 4523 1032 4594 Lyrilror
1050 4540 1077 4593 p.
1090 4526 1175 4594 84sq.
