3188 5062
632 262 850 334 ..33-

104 447 208 514 Aliter
223 446 339 515 Pollux
354 450 382 514 1.
398 451 455 514 223
479 445 633 513 ἐνταῦθα
656 445 694 512 δὲ
717 446 853 531 ἀσέβεια
875 449 932 513 καὶ
947 445 1128 531 άνοοιότης
1143 450 1199 516 καὶ
1215 448 1375 533 ὀλιγωρία

105 557 183 639 περὶ
214 555 253 621 τὸ
287 554 387 621 beton
417 556 474 621 πολ
502 552 709 638 θεοβλάβεια
732 556 788 620 ccl
812 553 971 638 ἀθεότης,
1008 557 1119 623 eodem
1143 577 1238 624 sensu
1262 563 1376 640 333133

105 660 312 747 θεοβλαβής.
354 664 441 742 Quae
465 663 637 746 explicatio
662 682 700 728 ex
722 663 809 730 33313
834 665 1027 747 etymologia
1049 664 1166 731 heusta
1190 670 1248 732 est.

211 771 281 836 Vox
296 768 492 854 θεοβλαβής
508 770 661 852 cuiusque
677 770 823 837 (13313313
837 770 948 837 133133
963 771 1136 837 iudicanda
1151 779 1227 839 sunt
1242 778 1376 855 propter
1417 771 1419 774 ’

52 886 54 890 ‘
105 876 372 959 significationem
406 879 611 960 singularem,
648 879 711 943 nisi
741 878 826 944 forte
851 880 963 945 credas
987 898 1025 945 ea
1048 879 1198 945 recedere
1222 881 1263 946 ad
1287 887 1377 947 3313·

105 986 282 1052 stissimam
317 991 468 1066 aetatem,
504 1004 586 1068 quae
620 986 751 1052 Ionibus
776 991 809 1052 et
832 986 1081 1052 Atheniensibus
1106 987 1281 1052 communis
1304 985 1377 1054 fuit.

106 1093 205 1160 Iones
228 1111 307 1160 3333
322 1094 373 1159 331
390 1097 474 1177 3331,
499 1092 675 1160 Aeschines
691 1099 800 1159 autern
817 1095 914 1161 etiam
930 1094 994 1159 alia
1010 1094 1110 1161 verba
1125 1093 1270 1177 praebet,
1296 1111 1378 1176 qnae

108 1201 141 1267 in
158 1201 267 1268 Attica
283 1219 346 1267 non
363 1207 435 1267 orta
451 1219 522 1267 esse
538 1202 752 1267 demonstrari
768 1206 886 1287 potest,
908 1201 946 1268 cf.
964 1202 1095 1284 ἱστορία
1110 1183 1147 1285 p.
1156 1204 1251 1283 3033.
1270 1200 1376 1282 φερνή

105 1328 137 1390 3.
152 1310 208 1374 36.
243 1309 314 1373 Etsi
338 1309 424 1374 illius
448 1309 587 1374 33313313
603 1313 712 1376 331313
728 1309 759 1374 13
776 1327 954 1376 sermonem
971 1310 1112 1376 Atticum
1128 1310 1268 1392 transiit,
1293 1309 1378 1391 apud

108 1415 301 1497 Aeschylum
334 1435 395 1482 uox
427 1416 479 1482 331
514 1422 647 1498 3333133
681 1435 864 1483 mensuram
897 1417 1006 1483 Ionica
1035 1422 1098 1482 est:
1135 1417 1271 1482 alteram
1295 1417 1379 1481 enim

109 1523 267 1605 syllabam
301 1529 377 1590 ante
411 1521 482 1606 -βλ
506 1524 640 1605 produci
663 1524 843 1590 Atticorum
866 1543 935 1590 mos
958 1543 1023 1590 333
1046 1524 1116 1605 fuit,
1153 1522 1190 1589 ef.
1218 1524 1257 1588 de
1281 1523 1378 1599 Meas,
1483 1603 1485 1608 Ι

106 1630 190 1696 Μ33.
213 1630 314 1697 Rhen.
342 1632 437 1713 1903,
472 1652 504 1714 p.
522 1633 587 1696 270
600 1650 647 1714 sq.
677 1637 710 1697 31
739 1651 822 1715 quae
851 1632 1075 1699 adnotavimus
1104 1630 1145 1696 ad
1168 1649 1278 1698 vocem
1301 1628 1379 1695 333-

107 1735 243 1819 πρόπος
266 1756 297 1820 3.
315 1739 368 1804 43.

647 1993 835 2064 ΠΑΛΟΣ.

216 2164 304 2232 Ρ333.
320 2167 383 2230 778
397 2165 490 2250 (770)
503 2166 589 2234 trim.
607 2164 738 2232 πάλου
754 2168 783 2231 c'
798 2165 937 2250 danque,
956 2167 1043 2249 Sept.
1060 2168 1100 2231 55
1117 2164 1233 2249 πάλῳ
1250 2165 1378 2250 tapnim
1478 2210 1480 2214 ι

109 2272 220 2338 eodem
245 2273 364 2338 sortis
388 2291 484 2339 sensu
509 2272 595 2354 Sept.
619 2276 682 2338 126
704 2271 796 2360 (119)
820 2275 852 2339 13
878 2275 1012 2356 3331133,
1048 2275 1082 2341 13
1112 2274 1264 2340 diverbiis
1288 2274 1378 2357 Sept.

109 2381 173 2444 333
191 2380 294 2462 (333),
321 2382 385 2446 aaa
402 2378 503 2467 (441),
528 2381 586 2462 ng.
604 2381 668 2446 333
685 2379 786 2468 (333),
812 2382 902 2448 uum.
920 2384 972 2463 33,
996 2383 1059 2445 343
1076 2378 1178 2468 (333),
1197 2384 1260 2445 333
1277 2379 1378 2468 (343).

109 2487 220 2569 Neque
244 2487 341 2553 aliter
363 2506 441 2555 3333
463 2489 514 2555 usi
537 2493 612 2555 sunt
627 2488 802 2570 Sophocles
820 2490 894 2556 Ant.
908 2491 971 2554 275
988 2490 1072 2556 trim.
1090 2488 1178 2572 κάμὲ
1194 2538 1201 2553 .
1220 2543 1227 2556 .
1245 2538 1253 2554 .
1270 2487 1382 2569 πάλος

109 2592 278 2677 acclamet,
306 2596 476 2678 Euripides
504 2596 629 2663 Heracl.
656 2598 730 2678 546,
760 2596 828 2662 133.
853 2599 928 2678 416,
965 2595 1046 2680 [1313.
1073 2597 1145 2662 Aul.
1170 2595 1269 2681 1151]
1294 2597 1379 2664 trim.

107 2703 178 2769 Tro.
209 2704 273 2768 263
298 2704 399 2785 chon,
440 2705 628 2787 Lycophron
662 2705 712 2771 Al.
740 2705 840 2784 1154,
869 2706 962 2769 1267.
1027 2704 1182 2770 Omnibus
1217 2703 1296 2770 locis
1333 2709 1382 2770 331

111 2828 192 2890 3333,
227 2829 323 2893 quam
348 2810 474 2894 Graeci,
510 2832 573 2877 non
598 2811 702 2877 solum
725 2810 834 2894 Attici,
870 2811 927 2877 sed
955 2811 1052 2876 etiam
1074 2811 1258 2877 Herodotus
1282 2813 1382 2893 tragi-

110 2917 202 3000 cique
224 2922 341 2999 poetae
360 2918 466 2984 solent
481 2937 596 2985 vocare
611 2915 746 3000 κλῆρος.
783 2918 853 3001 lph.
870 2919 941 2984 Aul.
962 2920 1057 2999 1151,
1082 2918 1214 2984 sirecte
1230 2920 1380 3001 13331133,

108 3026 298 3090 vertendum
322 3030 372 3093 est
398 3025 591 3105 „vibratio“;
617 3031 692 3092 sunt
716 3026 800 3091 enim
824 3026 878 3107 qui
903 3026 1000 3091 scribi
1015 3025 1116 3090 velint
1131 3024 1225 3108 πέδῳ
1241 3026 1293 3093 331
1309 3028 1378 3092 sim.

214 3131 284 3198 Vox
318 3150 414 3198 sensu
448 3128 589 3198 indicato
625 3133 744 3215 legitur
768 3132 853 3214 apud
876 3133 1076 3199 Herodotum
1098 3132 1158 3199 III.
1176 3135 1231 3215 80,
1254 3135 1307 3202 IV.
1327 3136 1379 3215 94,

113 3239 191 3320 153;
216 3239 322 3305 311333
346 3245 397 3306 331
412 3240 453 3305 ab
470 3241 561 3323 epico
577 3245 610 3306 et
626 3241 733 3306 Attico
751 3259 907 3308 sermone.
942 3242 1036 3322 Apud
1053 3241 1248 3307 recentiores
1265 3245 1379 3322 333133

111 3346 242 3427 repperi
257 3346 318 3428 Ap.
334 3347 394 3426 Rh,
418 3347 443 3410 I.
461 3347 526 3410 335
551 3351 584 3412 31
605 3346 661 3411 IG.
687 3346 774 3412 Sicil.
799 3346 872 3412 Ital.
900 3349 995 3413 1832.
1021 3351 1039 3412 2
1065 3349 1182 3414 3313113
1205 3346 1380 3432 Romanae.

216 3449 337 3532 Πάλος
364 3453 561 3535 primitivum
591 3460 642 3520 est
675 3454 912 3521 substantivum
947 3473 966 3520 3
997 3457 1100 3537 stirpe
1134 3455 1224 3522 verbi
1258 3451 1381 3519 πάλλω

113 3559 245 3641 ,31133311
277 3560 458 3626 formatum.
512 3562 603 3641 Quod
626 3562 757 3629 verbnm
782 3563 961 3628 Wittekind
984 3582 1016 3644 p.
1034 3564 1075 3626 42
1102 3562 1234 3629 Ionibus
1258 3561 1382 3644 tribuit,

111 3667 188 3749 quia
222 3666 342 3749 legitur
370 3670 456 3751 apud
479 3668 663 3750 Homerum,
692 3669 902 3750 Herodotum,
931 3669 1173 3752 Hippocratem,
1204 3687 1270 3734 non
1297 3669 1383 3751 apud

112 3774 237 3840 Atticos
261 3775 437 3857 scriptores
452 3775 490 3841 V.
509 3780 543 3841 et
557 3775 613 3842 IV.
638 3775 769 3842 saeculi.
815 3775 938 3842 Vereor
956 3780 1070 3859 ,autem
1092 3795 1133 3841 33
1157 3776 1284 3859 1313313,
1308 3794 1382 3841 nam

110 3881 209 3962 stirps
225 3878 348 3946 πάλλω
366 3883 625 3965 indogermanice
646 3888 705 3963 est,
730 3883 791 3948 etsi
809 3883 848 3948 de
865 3883 933 3948 eius
949 3883 1126 3965 veriloquio
1142 3883 1318 3963 dubitatur,
1343 3882 1380 3948 cf.

108 3985 824 4070 Ρ331133113,31.11531333.πάλλω,πολπόν,
848 3986 959 4069 πάλος
981 3989 1036 4055 lat.
1056 3989 1203 4065 evellere,
1229 3991 1268 4055 ai.
1288 3990 1384 4055 331311

110 4095 351 4180 3333331111).
398 4098 501 4163 Voces
530 4102 637 4164 autem
665 4097 788 4180 priscas
818 4096 979 4164 obsoletas
1008 4097 1105 4179 plane
1128 4097 1319 4163 exclusimus
1344 4097 1383 4164 ob

111 4220 239 4270 causam
263 4222 363 4286 supra
386 4209 666 4271 commemoratam
690 4203 727 4269 ef.
750 4224 782 4286 p.
798 4207 849 4272 12.
888 4204 1048 4270 Ponamus
1073 4210 1180 4270 autem
1204 4202 1327 4273 πάλλω
1351 4205 1384 4271 13

110 4312 279 4395 tragoedia
295 4312 437 4378 Atticum
461 4331 532 4379 esse
548 4313 690 4394 verbum,
715 4317 822 4378 tamen
838 4308 959 4393 πάλος,
984 4312 1060 4394 quie
1076 4317 1196 4378 sortem
1214 4311 1383 4394 significat,

109 4417 302 4485 3333133133
325 4424 385 4486 331.
433 4419 509 4487 Sors
532 4420 581 4486 113
602 4424 746 4501 3333133,
771 4419 845 4502 quia
868 4438 981 4485 urnam
1004 4421 1057 4486 331
1080 4420 1204 4502 galeam
1228 4419 1383 4486 vibrando

110 4525 341 4608 sortiebantur,
372 4527 457 4610 quod
480 4527 554 4594 inde
577 4528 617 4594 ab
642 4531 750 4595 aetate
773 4527 906 4593 Homeri
935 4526 1007 4594 fieri
1034 4527 1169 4608 solebat,
1206 4525 1244 4594 ef.
1268 4524 1306 4591 H
1321 4528 1381 4592 171

167 4629 200 4672 ar
209 4645 236 4685 y,
250 4631 284 4672 33
299 4630 406 4685 sesanna
419 4631 481 4685 copia
494 4631 619 4678 versorum.
1191 4633 1207 4689 3
