3188 5062
624 276 846 342 ..31..

91 451 248 536 παιδείας
280 453 429 538 opponit:
465 452 563 538 ὑμεῖς
591 452 628 519 ὁέ
657 453 863 536 εὐσχήμονές
890 471 979 535 τινες
1005 453 1253 536 προσποιεῖσθε
1280 453 1367 521 εῖναι

91 564 148 628 καί
170 564 461 646 περιφρονοῦντες
484 562 645 643 ἱστορίᾳ
668 558 729 626 τὸν
752 559 872 647 δῆμον,
896 562 951 628 ubi
973 560 1117 629 νομίσειε
1133 563 1367 645 „eruditionis“

94 688 224 738 sensum
248 669 383 753 accepit.

199 779 337 844 Restant
366 793 470 860 pauca
504 781 636 844 nostrae
665 777 777 861 stirpis
806 777 967 845 derivata:
1001 777 1110 858 Plato,
1147 776 1368 860 Sopatma

95 882 191 967 ὅμως
214 882 252 950 δέ
275 881 339 949 κᾶν
363 883 392 948 εί
402 880 656 966 τολμηρότερον
680 881 839 967 captabat
861 882 1077 968 διαγνώσεως
1100 881 1198 949 ἕνεκα
1220 883 1284 967 τὴν
1306 884 1369 968 μὲν

93 991 180 1074 μετὰ
204 989 305 1075 δόξης
326 992 468 1073 μίμησιν
492 988 754 1074 ὁσξομιμητικην
776 993 1026 1075 προσείπωμεν,
1050 992 1113 1074 τήν
1129 989 1168 1056 δὲ
1190 997 1267 1075 μετ’
1284 991 1368 1057 έπι-

94 1100 251 1182 στημης
279 1098 488 1180 ίστορικήν
516 1116 592 1163 τινα
619 1100 770 1182 μίμησιν.
818 1100 879 1179 Qui
903 1099 1092 1182 έπιστημην
1115 1100 1229 1181 habet,
1263 1099 1368 1183 ἱστωρ

95 1213 154 1286 est,
184 1207 325 1289 μίμησις
352 1205 453 1288 igitur
475 1209 552 1287 μετ’
578 1203 765 1287 ἐπιστήμης
789 1206 938 1289 ἱστορική
962 1212 1103 1273 vocatur.
1150 1207 1248 1273 Notio
1273 1225 1370 1289 quae·

95 1313 190 1378 rendi
213 1313 246 1377 in
271 1312 331 1378 hac
354 1331 398 1378 sc.
423 1313 532 1378 Attica
554 1330 632 1378 voce
660 1330 735 1377 non
757 1313 852 1379 mest.
899 1313 1052 1395 Hippocr.
1078 1332 1113 1381 π.
1138 1332 1231 1380 νοοσ.
1257 1311 1293 1378 δ’
1317 1314 1369 1393 56,

95 1420 132 1486 L.
147 1419 219 1485 Vll.
239 1421 303 1484 606
339 1417 426 1500 λέγω
462 1416 500 1483 ὁέ
534 1417 738 1502 europam),
775 1416 827 1485 ὅτι
850 1418 889 1485 τὸ
913 1419 1022 1485 ποτὸν
1046 1420 1086 1486 οὐ
1107 1422 1229 1503 χωρέει
1252 1420 1287 1501 ές
1310 1419 1371 1486 τὸν

71 1524 274 1608 πλεύμονα
394 1526 451 1591 καί
485 1523 521 1589 ἓν
543 1525 607 1608 μὲν
635 1528 736 1592 τοῦτο
769 1526 951 1610 ἱστόριόν
975 1528 1066 1593 ε’στιν
1088 1526 1159 1594 κτλ.
1195 1529 1264 1595 sim.
1293 1528 1370 1595 ibid.

96 1653 127 1717 p.
147 1635 209 1699 608
234 1635 374 1716 saepius,
398 1654 433 1698 π.
456 1635 559 1715 γονῆς
584 1637 613 1718 1,
638 1634 668 1714 8,
696 1635 745 1716 13,
770 1634 987 1716 L.v11.470‚
1012 1639 1087 1720 488,
1112 1638 1188 1717 498,
1217 1655 1254 1701 π.
1277 1633 1370 1703 παιὸ.

99 1740 177 1823 μνία.
196 1743 246 1817 18,
270 1741 305 1806 L.
320 1740 389 1808 VII.
408 1743 470 1805 508
488 1745 523 1806 et
540 1743 613 1806 504.
661 1741 810 1823 ἱστόριον
833 1744 1100 1822 „documentnm“
1127 1750 1177 1810 est
1200 1743 1371 1809 formatum

98 1848 243 1930 astirpe
268 1847 372 1931 ἵστωρ
399 1849 545 1930 „testis“.
592 1849 635 1914 Et
668 1868 783 1916 revera
819 1870 889 1916 cum
923 1852 983 1917 hac
1011 1870 1087 1919 voce
1117 1852 1371 1934 coniungendam

99 1960 152 2022 est
179 1955 316 2022 alterum
345 1957 425 2021 illud
454 1956 601 2037 ἱστορεῖν
626 1956 815 2039 „probare“.
865 1959 933 2026 VII.
956 1962 1019 2024 504
1044 1959 1233 2042 ἱστορέοντι
1261 1959 1373 2025 eadem

99 2065 226 2129 ratione
249 2063 390 2146 ponitur,
414 2068 451 2130 ut
473 2063 506 2128 iu
531 2064 643 2130 eadem
659 2065 779 2147 pagina
794 2065 943 2148 ἱστόρων
959 2063 993 2130 6’
1011 2064 1090 2134 ἔστι.
1123 2066 1199 2133 Sim.
1212 2066 1284 2132 Vll.
1299 2067 1372 2132 578.

98 2170 205 2236 Etiam
239 2170 310 2237 loco
344 2171 441 2236 dublo
469 2190 611 2254 παραηγ.
632 2173 672 2236 18
702 2170 916 2255 ἀπαρνέομαι
943 2171 1005 2256 γὰρ
1034 2175 1082 2255 είς
1105 2178 1226 2257 χρῆσιν
1255 2173 1373 2255 ἑτέρην

101 2274 306 2359 φιλοπονίην
333 2275 419 2359 μετὰ
446 2277 556 2342 πόνου
585 2277 826 2362 ἱστορενμένην
853 2281 1137 2362 ,‚comprobatam“
1168 2282 1265 2347 uerbo
1289 2279 1373 2344 huuc

99 2401 229 2450 sensum
252 2384 358 2450 inesse
381 2385 577 2450 arbitramur
601 2382 652 2469 (cf.
678 2403 777 2466 supra
795 2406 827 2470 p.
846 2389 910 2464 88).

205 2492 243 2556 In
276 2482 388 2575 lingua
417 2493 574 2559 communi
604 2492 755 2575 ἱστορέω,
794 2491 925 2573 ἱστορία
952 2490 1005 2575 (cf.
1034 2492 1149 2557 Latine
1181 2489 1372 2572 „historia“)

100 2600 187 2681 apud
225 2582 400 2683 scriptores
438 2599 700 2683 frequentIssima
735 2604 819 2667 sunt.
875 2599 1000 2665 Partim
1035 2618 1148 2666 sensus
1185 2598 1371 2682 quaerendi,

102 2706 324 2788 interrogandi
349 2713 566 2789 conservatur,
591 2708 709 2790 partim
733 2706 828 2789 plane
852 2724 951 2772 novus
976 2707 1110 2787 accedit,
1136 2724 1207 2774 cum
1231 2705 1373 2788 ἱστορέω

102 2813 263 2896 significet
288 2818 437 2897 „narro“‚
469 2816 600 2899 ἱστορία
627 2814 822 2898 „narratio“‚
855 2833 936 2896 quae
961 2816 1097 2880 mutatio
1121 2813 1278 2896 quomodo
1303 2816 1375 2878 orta

104 2923 157 3004 sit,
181 2922 269 2988 haud
291 2922 385 2989 facile
409 2923 597 3005 explicatur.
631 2922 783 2988 Fortasse
806 2921 886 2989 haec
904 2922 990 2989 vocis
1014 2920 1207 3002 significatio
1230 2918 1375 3003 profecta

103 3033 154 3094 est
188 3047 207 3093 a
241 3031 375 3096 notione
411 3030 622 3113 „probandi“,
658 3035 695 3095 ut
726 3029 836 3095 multis
864 3030 959 3113 locis,
994 3029 1050 3095 ubi
1078 3029 1200 3096 Graece
1229 3029 1375 3109 ἱστορεῖν

104 3136 350 3220 scriptumest,
375 3143 484 3220 potest
506 3138 590 3204 verti
615 3142 751 3218 „testem
776 3142 877 3203 esset
926 3137 1072 3218 ἱστορεῖν
1100 3137 1277 3218 „narrare“
1311 3135 1376 3200 iam

105 3245 296 3311 Aristoteles
321 3246 449 3312 exhibet
472 3266 502 3328 p.
528 3245 621 3311 818b
646 3246 688 3310 88
713 3243 762 3325 ὡς
785 3243 803 3308 ὁ
827 3241 1000 3325 ’Ἄννωνος
1022 3241 1210 3327 περίπλοος
1240 3243 1375 3323 ἱστορεῖ,

104 3354 174 3419 sim.
192 3352 233 3420 al.
259 3353 299 3419 Et
312 3353 443 3436 ἱστορία
458 3353 647 3436 ,‚narratIo“
662 3352 746 3418 rhet.
765 3349 796 3415 α’
810 3371 842 3434 p.
860 3352 1024 3417 136οα3ῖ
1041 3351 1081 3417 al.
1097 3349 1134 3418 cf.
1148 3351 1212 3417 ind.
1226 3349 1375 3414 Bonitzii.

104 3450 257 3542 Polybius
293 3459 346 3542 (cf.
376 3461 441 3526 ind.
471 3460 760 3542 Schweighhuseri‚
796 3465 873 3526 tom.
904 3458 990 3524 VIII.
1014 3455 1048 3544 8)
1072 3457 1203 3525 exhibet
1231 3457 1377 3538 ἱστορεῖν

106 3563 313 3648 „inquirere“
337 3570 367 3632 9.
383 3569 433 3634 14.
451 3568 482 3648 3,
499 3568 551 3648 al,
576 3567 793 3650 „explorando
818 3569 1033 3648 cognoscere“
1050 3567 1080 3631 3.
1097 3566 1150 3634 38.
1168 3567 1197 3646 8,
1214 3566 1267 3646 ε1.,
1284 3581 1377 3645 „nar-

105 3675 202 3739 rare“
227 3677 256 3739 4.
275 3678 365 3740 III
390 3675 431 3740 al.
479 3674 634 3741 Similiter
657 3675 743 3758 apud
765 3674 972 3740 Plutarchum
996 3680 1029 3739 et
1063 3673 1184 3740 similes
1218 3676 1376 3737 auctores.

212 3780 281 3845 Iam
305 3780 443 3847 calculos
467 3782 689 3849 subducamus.
722 3780 837 3848 Gonati
852 3800 961 3848 sumus
978 3783 1199 3849 demonstrare
1214 3779 1378 3846 notionem

107 3889 283 3969 quaerendi
318 3888 358 3954 ab
393 3888 465 3970 ipsa
500 3889 604 3972 stIrpe
639 3889 778 3956 alienam
806 3890 839 3955 iu
867 3890 907 3956 iis
936 3889 1091 3956 ueritatis
1119 3888 1197 3956 solis
1226 3886 1377 3968 conspici,

107 4013 190 4076 quae
224 3995 356 4062 Ionibus
394 3996 572 4079 peculiaria
605 3995 705 4064 fuisse
745 3997 938 4064 testimoniis
977 3997 1138 4081 congestiS
1176 3995 1256 4061 saIIs
1296 4011 1379 4060 com·

106 4103 277 4184 probatur:
309 4104 462 4186 ἱστορέω,
491 4106 631 4188 ἱστορία,
661 4124 836 4191 quaeror,
867 4106 923 4172 ubi
947 4106 1033 4189 apud
1056 4105 1182 4172 Atticos
1205 4103 1379 4184 scriptores

107 4209 197 4277 velut
224 4211 474 4279 Demosthenem
501 4213 693 4281 Aeschinem
726 4214 856 4299 legitur,
892 4215 933 4281 ab
960 4212 1091 4281 Ionibus
1125 4216 1273 4279 mutuata
1308 4226 1380 4275 esse

189 4547 196 4566 Ι
215 4465 238 4535 1)
256 4461 338 4534 Apud
349 4461 467 4534 Hesych.
487 4465 604 4536 ἱστορία·
623 4468 758 4536 μαρτνρῖα
776 4465 823 4519 καί
840 4461 872 4518 τὰ
889 4461 970 4536 ὅμοια
987 4462 1045 4518 sine
1064 4461 1148 4518 dnbio
1161 4460 1242 4518 scrib.
1263 4454 1380 4531 incripta·

106 4571 244 4626 μαρτυρία
261 4572 285 4607 ιι.
298 4573 320 4608 τ.
334 4552 355 4608 ὅ.
