3188 5062
755 242 976 315 -m-

228 429 303 514 quin
320 428 507 495 uocabulum
529 428 570 493 ab
586 428 694 495 Attico
715 447 861 496 sermone
885 428 1025 496 alienum
1046 430 1079 496 in
1096 430 1298 513 tragoediam
1315 431 1503 513 pervenerit

229 556 267 602 ex
290 537 411 602 lonico.

756 688 979 756 APBYAH.

334 824 393 906 Ag.
411 824 476 888 944
493 824 586 908 (908)
611 824 696 889 trim.
720 822 807 889 ὑπαί
829 843 880 906 τις
905 822 1087 908 ἀρβύλας
1110 822 1186 889 λύοι
1210 824 1321 907 τάχος.
1360 822 1422 906 frg.
1440 826 1504 889 259

229 931 314 996 trim.
339 928 495 1011 εὐὺέτοις
519 929 556 995 ἐν
580 928 790 1013 ἀρβύλαις.

336 1038 433 1120 Soph.
454 1036 516 1121 frg.
534 1039 598 1103 565
622 1045 716 1107 metr.
740 1040 802 1106 inc.
826 1037 1103 1123 καταρβύλοις
1122 1037 1286 1121 χλαίναις,
1312 1037 1350 1106 cf.
1367 1038 1506 1122 Hesych.

230 1162 256 1210 s,
280 1162 309 1210 u.
333 1141 474 1227 κσταρβ.
499 1151 533 1211 et
556 1144 705 1229 ναύαρβ.

336 1251 446 1334 Eurip.
483 1270 581 1335 saepe
616 1255 729 1320 eodem
763 1255 857 1320 modo
890 1255 929 1321 de
961 1254 1164 1320 calciamenti
1193 1271 1325 1337 genere,
1360 1252 1399 1318 cf.
1424 1253 1506 1320 Poll.

231 1358 300 1424 VII.
318 1360 360 1424 86
393 1357 437 1442 ήν
461 1357 510 1452 δέ
548 1378 579 1425 τι
613 1358 777 1444 ὑπόδημα
811 1361 868 1427 καὶ
903 1359 1034 1445 ἀρβύλη
1070 1358 1205 1440 εὐτελὲς
1239 1359 1303 1443 τήν
1338 1359 1506 1443 ἐργασίαν.

231 1457 361 1549 Hippoi.
382 1469 465 1532 1189
491 1469 584 1534 trim:
622 1467 777 1534 αὐταῖσιν
807 1467 1007 1552 ἀρβύλαισιν
1039 1467 1194 1550 ἁρμόσας
1216 1465 1328 1547 πόδας
1362 1486 1382 1533 a
1416 1468 1508 1534 scho-

231 1573 328 1639 liasta
364 1574 542 1656 explicatur
577 1581 653 1656 τσῖς
688 1579 749 1641 τού
785 1574 938 1659 ἅρματος
965 1577 1043 1659 περὶ
1070 1574 1133 1658 τήν
1162 1571 1297 1655 ἄντυγα,
1334 1573 1421 1640 doda
1444 1574 1507 1657 τήν

233 1680 350 1747 στάσιν
373 1679 439 1763 ἔχει
463 1681 481 1746 ὁ
504 1683 650 1766 ήνίοχος.
687 1682 725 1750 cl.
749 1684 840 1751 Eust.
865 1704 897 1767 p.
916 1686 990 1750 599.
1009 1687 1062 1766 22,
1086 1683 1150 1749 nisi
1173 1681 1257 1748 forte
1281 1683 1507 1764 interpretaris

233 1807 326 1867 „cnm
349 1788 429 1870 ipsis
454 1790 599 1873 caligis“.
635 1790 791 1873 Lycophr.
807 1791 859 1857 Al.
878 1793 941 1856 839
958 1792 1112 1856 Perseum
1127 1794 1223 1856 uocat
1240 1787 1507 1872 ἀρβολόπτερον.

339 1895 377 1962 In
399 1898 582 1978 pedestri
607 1899 755 1964 oratione
778 1918 839 1964 vox
863 1903 953 1965 extat
976 1899 1062 1981 apud
1085 1899 1326 1981 Hippocratem,
1351 1919 1386 1963 π.
1405 1895 1507 1979 ἄρδρ.

235 2000 307 2085 ἐμβ.
334 2005 385 2083 62,
420 2004 614 2070 11.214.10
639 2006 718 2071 Klm
756 2003 840 2071 ὅταν
868 2004 905 2071 δὲ
928 2005 964 2085 ἐς
987 2003 1210 2088 ὑποδήματος
1233 2002 1337 2085 λόγον
1360 2002 1405 2087 ip,
1441 2002 1507 2085 ἀρ-

233 2109 355 2194 βύλαι
379 2109 648 2194 ἐπιτηδειότατοι
672 2114 707 2177 αὑ
728 2111 961 2196 πηλοπάτιδες
976 2111 1189 2195 καλεόμεναι.
1230 2110 1268 2178 cf.
1285 2112 1375 2178 Erat.
1396 2112 1446 2178 10.
1465 2112 1506 2175 23

231 2246 277 2274 =
291 2219 381 2283 55.4
405 2217 527 2304 (Klein)
552 2217 700 2302 ἀρβύλη·
725 2217 817 2301 εἶδος
839 2219 1062 2303 ὑποδήματος
1086 2224 1120 2284 et
1144 2218 1214 2285 Gal.
1239 2219 1299 2286 lex.
1325 2219 1422 2300 Hipp.
1431 2217 1468 2298 ¹).

338 2327 458 2394 Poetae
478 2327 737 2394 Alexandrini
761 2348 870 2395 vocem
893 2336 1028 2411 propter
1051 2328 1220 2393 raritatem
1244 2330 1448 2409 receperunt,
1471 2328 1509 2390 ut

234 2433 392 2500 Theocrit.
412 2437 440 2500 7.
460 2437 514 2516 26,
538 2434 670 2502 Leonid.
690 2436 761 2501 Tar.
789 2455 839 2518 ep.
857 2438 910 2517 37,
935 2438 990 2519 qui
1014 2435 1159 2502 scribunt
1184 2430 1334 2517 ἀρβολίς.

338 2542 376 2606 In
400 2541 534 2623 lingua
559 2545 748 2608 communi
772 2562 835 2610 non
858 2543 1023 2609 inuenitur
1049 2562 1108 2608 vox
1133 2561 1237 2625 neque
1263 2542 1297 2605 in
1324 2558 1384 2605 usu
1411 2539 1510 2606 fuisse

233 2647 317 2714 forte
341 2649 420 2715 licet
444 2668 637 2732 cognoscere
666 2671 705 2717 ex
733 2651 885 2718 Nonnoso
913 2651 945 2715 in
970 2651 1064 2716 Phot.
1089 2651 1166 2716 bibl.
1191 2651 1221 2730 3,
1246 2668 1278 2730 p.
1297 2648 1349 2713 2b
1368 2649 1423 2713 18:
1460 2644 1512 2710 ότι

234 2753 277 2820 τὰ
301 2753 466 2822 σανδάλια
489 2758 564 2822 νυνὶ
587 2756 752 2841 λεγόμενα
777 2756 929 2841 ἀρβύλας
953 2756 1069 2839 ἔλεγον
1094 2759 1125 2822 ολ
1148 2752 1330 2821 παλαιοί.

339 2864 435 2946 Apud
452 2864 618 2947 Cyprios
642 2885 703 2932 vox
725 2865 860 2932 formam
884 2867 999 2932 habuit
1023 2862 1169 2949 ἄρμολα,
1195 2864 1232 2930 cf.
1255 2863 1331 2928 Hes,
1358 2858 1510 2945 ἅρμολα·

234 2967 440 3052 ὑποδήματα
474 2968 629 3053 Κύπριοι.
690 2971 825 3055 ἀρμύλη
862 2975 960 3039 etiam
994 2973 1045 3038 Et.
1071 2973 1179 3055 Magn.
1210 2972 1282 3037 135.
1311 2973 1350 3036 12
1386 2970 1511 3052 origine

235 3079 322 3145 vocis
346 3097 410 3158 non
435 3079 586 3145 indicata.

341 3187 479 3267 Propter
502 3206 632 3253 sensum
656 3206 825 3254 secernere
841 3207 905 3253 non
921 3189 997 3254 iicet
1014 3185 1181 3270 δρβηλον·
1207 3184 1340 3267 σμίλιον
1356 3183 1512 3249 σνύτινον

236 3294 429 3375 περιφερές·
459 3291 529 3358 ἔστι
552 3292 590 3358 δὲ
612 3295 668 3359 καὶ
684 3293 793 3360 ὅπλον
817 3295 1139 3378 exEt.Magn.l35.
1160 3295 1211 3373 10,
1236 3290 1274 3357 cf.
1293 3292 1404 3372 Goetz,
1430 3291 1512 3356 thes.

238 3400 334 3481 gloss.
359 3401 481 3467 emend.
500 3400 548 3485 (O.
568 3401 618 3469 Gl.
636 3403 672 3469 L.
685 3401 759 3488 VII)
783 3424 809 3469 s.
826 3423 855 3469 v.
872 3403 988 3484 sicilis;
1011 3401 1100 3466 illam
1116 3418 1226 3466 vocem
1250 3399 1412 3490 Nicander
1428 3398 1511 3463 ther.

237 3508 301 3571 423
326 3509 444 3588 posuit,
470 3509 560 3573 ouius
584 3509 768 3591 scholiasta,
791 3512 877 3593 quod
893 3510 915 3593 ή
932 3507 970 3573 δὲ
994 3505 1126 3591 ἀρβύλη
1152 3509 1198 3572 ait
1222 3505 1293 3571 ἐστὶ
1315 3505 1407 3586 εἶδος
1429 3502 1513 3568 ὑπο-

238 3612 389 3696 δήματος
422 3620 506 3698 παρ’
530 3613 699 3700 Εὐριπίδη
735 3617 772 3682 ἐν
805 3616 941 3701 Ὀρέστη
966 3615 1045 3702 (seq.
1067 3637 1096 3682 u.
1125 3613 1211 3700 140),
1248 3613 1513 3696 pronuntiatione

238 3722 366 3787 videtur
390 3722 544 3804 deceptus
569 3742 650 3789 esse.
1445 3792 1446 3795 ,

345 3829 435 3895 Aliae
458 3828 581 3896 formae
604 3831 691 3897 vocis
715 3833 802 3914 apud
826 3831 1051 3913 grammaticos
1074 3831 1262 3897 traduntur:
1286 3829 1363 3894 Hes,
1390 3823 1514 3908 ἀραβύ-

239 3934 315 4016 λας·
332 3933 538 4019 ὑποδήματα
554 3936 704 4021 διάφορα
720 3940 777 4003 καὶ
791 3936 983 4022 βαρβαρικά
998 3940 1080 4024 (cod.
1098 3935 1322 4020 ὑποδήματος
1338 3933 1513 4017 διαφορά),

239 4040 460 4125 καὺάρβνλος
472 4043 606 4126 χλανίς·
631 4044 787 4129 ποδήρης
803 4045 869 4127 ἕως
885 4049 956 4112 τῶν
973 4044 1132 4130 ἀρβολῶν
1148 4046 1233 4130 (vide
1245 4043 1341 4125 Soph.
1355 4041 1415 4124 irg.
1425 4040 1515 4125 565).

345 4151 416 4217 Non
455 4153 599 4218 eiusdem
638 4154 750 4237 stirpis
789 4161 840 4221 est
877 4159 1013 4253 propter
1052 4172 1182 4221 sensum
1219 4153 1316 4235 plane
1354 4151 1516 4216 diuersum

244 4277 456 4287 0——

345 4347 367 4417 l)
385 4346 470 4402 Plane
491 4347 634 4402 obscurum
653 4351 703 4413 est,
723 4348 796 4418 quod
808 4347 943 4416 Homolle,
963 4347 1033 4404 Bull.
1048 4347 1080 4402 dc
1094 4363 1164 4402 corr.
1177 4344 1240 4401 hall.
1254 4345 1296 4402 VI
1313 4343 1406 4416 (1882)
1424 4360 1450 4413 p.
1465 4344 1515 4400 133

241 4452 272 4490 ex
290 4435 403 4490 Deliaca
420 4437 600 4507 inscriptione
618 4437 738 4491 nondum
757 4438 832 4493 edita
849 4438 979 4509 protulit:

346 4525 483 4598 ἀρβυλικοὶ
502 4523 593 4597 ὀβολοὶ
614 4543 675 4597 „ces
695 4528 832 4584 dernieres
852 4529 941 4584 saules
960 4527 1064 4583 dtaient
1084 4528 1280 4583 certainement
1300 4525 1451 4594 largeur.
