3188 5062
681 237 900 302 ..40-

157 417 358 486 Herodotum
373 415 562 500 plerumque
577 435 641 483 non
656 415 762 496 Iones,
788 415 843 498 qui
858 413 1080 498 θεοπρόποος
1095 414 1238 497 mittunt,
1259 416 1317 484 sed
1331 415 1431 483 Lace·

159 527 329 607 daemonii,
354 524 496 590 Thebani
513 524 579 590 alii.
613 523 756 605 Scriptor
772 542 887 589 nomen
903 524 1045 590 Ionicum
1061 523 1239 605 substituit,
1265 523 1303 590 cf.
1321 525 1375 591 VI.
1388 527 1429 589 57

159 635 246 718 apud
268 631 540 699 Lacedaemonios
561 680 568 696 .
586 680 620 696 ..
645 632 677 696 οῑ
700 628 738 695 di
760 627 891 695 Πόθιοό
913 632 974 696 εἰσι
997 629 1191 713 θεοπρόποι
1214 629 1250 712 ἐς
1264 629 1431 715 Δελφούς.

159 743 292 810 Accedit
319 740 435 806 titulus
459 739 605 806 Milesius
632 740 666 804 in
689 738 933 821 Dittenbergcri
962 737 1108 822 sylloge²
1133 757 1180 803 nr.
1200 741 1274 806 660.
1294 742 1312 802 5
1338 744 1371 804 et
1394 742 1431 805 8:

162 849 262 936 ἃ[όό
286 846 343 936 ἂ]ν
368 847 386 913 ὁ
410 845 495 927 θεός
518 844 676 930 θεσπίσῃ,
702 845 817 928 οἱμὲν
841 844 1036 927 θεοπρόποι
1060 844 1361 927 εἰσογγειλόσοισον
1385 847 1434 927 εἰς

161 957 420 1041 ἐκκλησίαν...
444 953 555 1039 uJull]
577 952 771 1034 θεοπρόποι
792 951 971 1036 ᾑρέθησαν
993 951 1066 1019 κτλ.
1103 954 1227 1019 Titulus
1247 953 1434 1019 IV.seeculi

161 1067 224 1133 etsi
240 1067 348 1131 Attica
372 1062 508 1128 dialecto
533 1060 732 1142 conscriptus
756 1066 816 1141 est,
840 1065 948 1126 tamen
969 1061 1061 1144 copia
1076 1060 1246 1126 verborum
1261 1079 1377 1143 magna
1394 1079 1434 1126 ex

161 1179 255 1258 parte
280 1175 321 1239 ad
335 1172 477 1237 Ionicum
502 1168 763 1234 consuetudinem
786 1169 918 1245 recedit,
945 1167 982 1233 cf.
999 1168 1053 1232 l.3
1072 1166 1214 1251 όνερσις,
1240 1166 1434 1250 5θεσπίσῃ,

59 1284 61 1289 ’
161 1283 308 1364 idemque
344 1281 383 1346 de
417 1295 494 1343 uoce
527 1274 728 1357 θεοπρόπος
762 1275 908 1340 nuntium
939 1273 1141 1357 significante
1173 1272 1340 1341 dicendum
1373 1281 1434 1340 est.

162 1389 205 1455 Et
239 1389 324 1472 quod
358 1387 391 1450 in
425 1382 634 1464 inscriptione
668 1381 801 1462 Delphis
835 1389 967 1464 reperta
996 1382 1152 1463 Delphica
1187 1382 1324 1448 dialecto
1361 1400 1435 1448 con-

163 1497 285 1578 scripta
299 1492 355 1558 HL
380 1490 448 1556 fere
472 1488 600 1569 saeculi,
625 1488 768 1554 Dittenb.
786 1487 875 1571 syll.²
901 1508 949 1554 nr.
967 1491 1031 1554 484
1055 1488 1157 1572 (o-B.
1175 1491 1271 1555 2645.
1287 1491 1331 1571 2),
1356 1489 1436 1572 legi-

163 1611 217 1670 tur
240 1598 477 1683 Μασροφάνης
500 1593 734 1677 Μενεκράσεος
764 1592 1005 1678 θεοπρόπος
1031 1599 1088 1662 καὶ
1111 1594 1320 1679 πρεσβεοσὰς
1342 1595 1437 1678 παρὰ

164 1714 226 1777 σοῦ
250 1706 360 1790 δῆμον
383 1706 444 1770 σοῦ
460 1699 672 1785 Σαρδιανῶν,
696 1704 766 1769 sine
789 1703 886 1769 dubio
910 1704 1017 1789 verba,
1043 1705 1158 1788 quibus
1184 1723 1299 1769 munus
1318 1704 1438 1769 Metro-

164 1815 279 1900 phanis
318 1811 519 1890 describitur,
559 1809 799 1892 Sardianorum,
839 1829 903 1876 non
937 1812 1136 1894 Delphorum
1174 1812 1437 1877 consuetudinem

164 1923 287 2008 prodit,
322 1920 397 1985 talis
428 1919 513 1983 enim
541 1917 674 1982 nuntius
697 1917 832 2001 Delphis
861 1919 944 1985 solet
972 1920 1080 1986 vocari
1108 1917 1237 2001 θεαρός
1266 1915 1439 2004 (θεωρός),

166 2031 203 2098 cl.
240 2028 334 2093 indic.
363 2024 446 2091 G-B.
476 2025 520 2090 IV
543 2044 574 2107 p.
595 2026 657 2090 198
670 2042 717 2108 sq.
779 2025 925 2107 Denique
959 2025 1071 2092 eodem
1108 2044 1204 2093 seusu
1238 2024 1441 2107 θεοπρόπος

166 2138 263 2203 etiam
298 2134 384 2215 apud
418 2132 614 2199 recentiores
650 2132 779 2215 legitur,
814 2132 902 2198 velut
924 2132 1009 2200 Plut.
1032 2133 1110 2199 Fab.
1137 2135 1176 2198 18
1211 2133 1268 2198 ναὶ
1302 2131 1364 2215 γὰρ
1394 2133 1441 2212 εἰς

167 2240 322 2325 Δελφοὺς
356 2238 519 2323 ἐπέμφθη
554 2236 755 2321 θεοπρόπος
781 2237 922 2323 Πίκτωρ
959 2239 1118 2322 συγγενὴς
1147 2237 1285 2323 Φαβίου.
1338 2238 1438 2304 Simil-

168 2354 259 2417 Rom.
275 2351 328 2430 28,
352 2348 426 2415 Nic.
443 2348 493 2428 13,
519 2346 597 2413 Cim.
615 2349 665 2429 18,
689 2367 768 2415 mor.
793 2369 823 2430 p.
841 2350 906 2414 438
922 2350 960 2416 A.
973 2348 1022 2432 B,
1046 2349 1122 2414 Luc.
1139 2349 1228 2414 Alex.
1246 2351 1299 2412 41.

273 2455 419 2538 Denique
435 2451 632 2535 θιοπροπίοι
649 2455 734 2535 apud
750 2454 921 2522 Boeotos
939 2457 971 2521 in
987 2475 1048 2522 usu
1064 2461 1144 2537 erat,
1168 2454 1206 2520 ci.
1222 2454 1301 2520 IGS.
1313 2455 1337 2519 I.
1353 2455 1439 2519 3208

169 2565 267 2650 (O-B.
285 2564 310 2628 I.
328 2561 416 2646 494),
452 2561 506 2625 lv.
524 2560 652 2627 saeculo
677 2566 827 2628 exeunte:
862 2563 899 2628 In
930 2564 1058 2645 tripode
1082 2561 1259 2629 dedicando
1282 2561 1316 2626 hi
1341 2561 1441 2644 roagi-

169 2677 290 2739 stratus
314 2673 558 2736 enumerantur:
595 2665 760 2750 ἄρχοντος
777 2721 809 2736 ..
836 2668 1154 2753 ἀφεὸριοσεοόνσοιν
1171 2723 1204 2737 ..
1228 2668 1440 2752 γραμμασιό-

172 2798 271 2858 ονσος
288 2827 295 2842 .
312 2829 317 2841 .
334 2776 577 2859 μονεενομένω
595 2773 909 2859 ..θιοπροπόονιος
926 2832 933 2845 .
948 2832 954 2844 .
972 2776 1259 2859 [ῑαρ]αιεόονσος.
1282 2777 1319 2842 ln
1332 2777 1441 2859 lupide

170 2884 263 2965 01113
288 2884 427 2964 Boechh,
445 2883 525 2949 olo.
542 2884 568 2962 I,
585 2903 616 2965 p.
632 2886 694 2948 776
712 2884 945 2967 interpretatus
962 2891 1026 2949 est:
1051 2885 1211 2966 interpres
1228 2883 1439 2950 oraculorum.

167 2995 256 3059 Idem
283 2993 416 3058 verbnm
445 2995 534 3058 extat
560 2990 638 3059 Ios,
662 2991 838 3060 Ι.1673.5
863 2992 966 3076 (Ο-Β.
992 2994 1065 3058 864.
1085 2991 1117 3074 5)
1142 2989 1442 3075 θῂοπῙροπόονπος

170 3099 294 3165 Aculeo.
341 3099 399 3164 Vis
433 3098 579 3164 vocabuli
613 3098 666 3165 uix
700 3101 846 3179 praecise
881 3099 1010 3166 definiri
1040 3102 1164 3180 potest;
1198 3098 1330 3163 nuntius
1355 3102 1441 3162 certe

170 3205 329 3289 significat
346 3207 550 3272 sacerdotum
565 3207 725 3288 quoddam
744 3226 854 3290 genus,
873 3206 1011 3274 fortasse
1027 3211 1064 3271 nt
1079 3205 1180 3271 voluit
1196 3204 1325 3270 Boechh
1342 3205 1441 3269 inter·

169 3320 293 3396 pretem
318 3313 529 3394 oraculorum,
553 3314 683 3378 minime
706 3334 782 3380 vero
806 3316 952 3382 nuntium
976 3314 1084 3380 lonico
1107 3331 1206 3378 more.

273 3422 330 3503 Ea,
355 3440 438 3504 quae
461 3421 618 3487 aThoma
633 3422 718 3503 Mag.
743 3441 773 3503 p.
794 3424 866 3488 180.
886 3423 905 3486 8
927 3421 964 3486 R.
991 3421 1030 3485 de
1053 3437 1131 3485 uoce
1150 3417 1351 3499 θεοπρόπος
1368 3436 1441 3483 con·

171 3534 263 3613 gesta
287 3533 370 3609 sunt,
397 3529 477 3592 nihil
501 3529 576 3594 noui
599 3529 727 3594 ducent.

274 3637 341 3701 Iam
366 3637 508 3702 videmus
532 3635 722 3718 Sophoclem
745 3636 877 3702 Homeri
900 3654 1018 3701 morem
1044 3635 1144 3716 sequi,
1169 3652 1189 3698 a
1213 3652 1275 3715 quo
1292 3632 1441 3716 Aeschyli

171 3763 247 3811 usus
282 3744 378 3825 plene
412 3743 574 3810 abhorret.
620 3743 747 3809 Iseum
775 3743 954 3809 recentiore
983 3743 1059 3807 lade
1094 3741 1334 3807 accuratissime
1368 3758 1442 3805 con·

174 3851 281 3919 sentit.
331 3851 501 3929 Quaeritur
525 3850 634 3932 igitur,
670 3856 778 3916 utrum
800 3850 853 3915 hic
877 3869 952 3916 usus
975 3868 1063 3915 mere
1087 3849 1214 3915 Ionicus
1238 3847 1336 3914 luerit
1359 3866 1399 3912 an
1424 3867 1442 3913 e

175 3959 333 4025 communi
355 3963 392 4023 ut
414 3959 461 4023 ita
485 3958 588 4023 dicam
612 3962 645 4023 et
660 3957 747 4023 Iadis
765 3963 798 4024 et
813 3959 956 4024 Atthidis
971 3957 1059 4024 fonte
1075 3957 1279 4039 repetendus,
1306 3956 1442 4038 ideoque

173 4068 300 4150 priscae
324 4066 449 4131 Atthidi
478 4065 686 4130 vindicandus
716 4065 768 4131 sit.
816 4065 904 4144 Quae
932 4065 1078 4148 quaestio
1106 4073 1143 4131 ut
1166 4064 1345 4144 dirimatur,
1377 4083 1442 4130 non

173 4175 264 4256 parvi
287 4175 440 4238 momenti
464 4179 513 4239 est
536 4178 569 4238 et
591 4160 838 4256 nomen'propr.
865 4171 1065 4256 Θεόπροπος
1090 4179 1122 4238 et
1144 4171 1365 4255 veriloquium.

275 4281 313 4344 N.
330 4300 377 4362 pr.
397 4278 597 4362 Θεόπροπος
619 4281 781 4362 reperitur

228 4386 253 4450 I.
280 4386 423 4467 Athenis,
447 4387 519 4451 vide
543 4386 711 4469 Kirchner,
734 4406 863 4469 prosop.
889 4387 999 4454 Attica
1021 4406 1069 4455 nr.
1087 4386 1270 4452 7043-45,

336 4497 364 4560 1.
387 4493 463 4559 GIA.
481 4493 506 4558 Ι.
523 4495 586 4559 457
613 4492 649 4559 Θ.
664 4492 880 4580 [Αθονσόόος
901 4493 954 4561 fin.
973 4496 1011 4561 V.
1029 4513 1110 4560 saec.
