3188 5062
694 217 892 280 ..6-

155 397 337 480 Platonem,
367 395 530 477 ναυάγιον
553 394 684 480 eiusque
709 393 855 463 derivata
878 394 964 478 apud
986 393 1233 479 Aristophanem
1258 397 1292 462 et
1314 392 1429 461 Demo·

156 507 318 582 sthenem;
354 505 387 570 in
419 505 566 588 Aeschyli
603 504 756 571 diverbiis
790 504 952 586 reperitur
986 506 1078 587 νᾶμα
1105 505 1211 570 Prom.
1237 505 1301 569 806
1325 504 1429 588 (804),

156 613 216 698 frg.
236 614 310 678 300.
331 615 360 695 6,
385 612 547 693 ναυάγιον
563 612 652 677 Pers.
669 614 734 678 420
750 610 853 698 (418),
878 611 1033 692 ναυανέω
1056 610 1116 695 frg.
1139 613 1210 677 180.
1227 613 1258 677 4.
1293 611 1431 694 Reliqua

158 727 244 789 certe
268 740 333 787 non
355 719 464 786 Attica
488 719 626 785 fuerunt.

262 829 344 895 Item
374 827 501 893 Atticae
530 826 660 892 dialecti
688 826 813 908 legibus
842 831 1026 909 repugnant
1055 827 1244 894 coniunctae
1273 845 1431 894 consonae

157 954 227 1021 -po-
252 942 285 1003 et
309 952 388 1001 -σσ-.
436 935 524 1002 Ηαοο
552 935 670 1018 ubique
694 937 780 1017 apud
804 936 995 1018 Aeschylum
1025 934 1176 1017 leguntur
1206 943 1339 1018 excepto
1367 954 1431 1002 uno

157 1044 292 1127 γλῶττα
325 1042 415 1126 Sept.
437 1043 501 1108 439
531 1044 640 1126 (422),
677 1043 762 1126 quod
796 1044 882 1108 omni
917 1044 1112 1109 auctoritate
1148 1044 1339 1110 destitutum
1373 1048 1432 1110 est.

157 1152 388 1234 Inscriptiones
434 1156 542 1217 autern
586 1150 637 1216 vel
681 1151 919 1217 vetustissimae
958 1152 1181 1217 demonstrant
1218 1150 1433 1218 Athenienses

161 1261 388 1344 pronuntiasse
413 1280 483 1342 -pp-
508 1263 541 1324 et
563 1276 640 1323 -ro-.
675 1259 804 1325 Eisdem
829 1259 1059 1342 comprobatur
1082 1258 1220 1342 vocales,
1245 1279 1324 1343 quas
1348 1259 1434 1341 apud

160 1369 336 1451 scriptores
362 1387 438 1433 rere
462 1368 585 1433 Atticos
616 1372 797 1433 contractas
820 1368 974 1447 videmus,
1011 1367 1075 1432 iam
1110 1372 1199 1433 sexto
1230 1366 1358 1434 saeculo
1383 1385 1434 1431 oo·

160 1476 293 1554 aluisse;
323 1475 409 1557 apud
431 1475 572 1556 tragicos
596 1480 705 1541 autem
727 1480 841 1557 poetas
866 1476 1056 1558 saepissime
1080 1494 1286 1543 numerorum
1308 1474 1435 1540 ratione

160 1583 345 1668 postulante
380 1601 442 1648 non
480 1582 726 1663 contrahuntur,
763 1584 818 1666 qui
852 1583 966 1649 Ionum
1001 1584 1214 1650 vetustiorum
1248 1602 1318 1649 mos
1353 1585 1434 1649 erat.

161 1690 316 1772 Exempla
354 1691 515 1773 congessit
548 1690 703 1758 Franldin
740 1690 801 1757 loc.
831 1709 940 1758 comm.
1005 1691 1169 1757 Accedunt
1206 1690 1290 1758 aliae
1312 1690 1435 1756 iorrnae

160 1799 304 1865 Ionicae:

270 1903 413 1988 Θρηιυ-
448 1904 548 1986 stirps
583 1905 616 1971 in
648 1905 795 1971 omnibus
824 1906 978 1972 derivatis
1007 1907 1053 1972 sio
1082 1906 1235 1971 scribitur
1263 1906 1352 1972 Pers.
1372 1905 1435 1970 509

163 2012 267 2097 (507),
303 2013 361 2094 Ag.
387 2013 450 2080 654
474 2012 577 2096 (632),
609 2014 694 2078 1418
719 2013 850 2097 (1372);
887 2015 983 2080 etiarn
1018 2014 1051 2079 in
1081 2014 1213 2080 canticis
1243 2012 1385 2078 traditur
1415 2033 1437 2094 η

163 2123 332 2188 Persam
356 2119 459 2205 (564),
486 2122 550 2185 870
575 2121 677 2205 (860).

269 2228 504 2311 πρευμενής
528 2225 744 2310 *πρηυμενής
768 2227 805 2293 cf.
832 2228 954 2310 πραΰς,
978 2228 1123 2311 rapacium
1146 2229 1235 2295 Pers.
1262 2229 1336 2311 220,
1362 2229 1436 2307 224,

166 2337 228 2401 609
254 2335 357 2422 (607),
383 2336 446 2400 685
472 2336 570 2419 (676),
601 2335 713 2419 Suppl.
732 2337 796 2400 210
821 2334 923 2422 (200),
950 2337 1007 2420 Ag.
1026 2339 1090 2402 840
1115 2337 1219 2419 (804),
1245 2336 1308 2400 950
1333 2333 1436 2418 (914),

169 2446 252 2508 1647
278 2442 405 2526 (1618),
429 2443 521 2508 Ευια.
540 2443 604 2508 236
629 2443 734 2528 (284),
759 2443 819 2526 frg.
845 2445 897 2509 43.
917 2446 947 2522 2,
972 2447 1028 2524 92;
1053 2445 1135 2509 adde
1158 2444 1191 2509 in
1216 2448 1299 2512 cant.
1325 2440 1436 2524 Suppl.

169 2553 232 2617 140
256 2549 358 2633 (128).

275 2655 513 2738 ἐξεκείνωσε
535 2657 624 2723 Pers.
644 2660 706 2722 761
732 2657 833 2742 (752).

275 2764 351 2829 ἐών
374 2765 462 2832 Pers.
481 2767 543 2830 781
570 2766 672 2850 (773).

275 2869 425 2951 πόλεος
452 2871 540 2954 Sept.
566 2875 630 2938 218
655 2872 748 2956 (200)
778 2872 814 2938 cf.
840 2874 984 2954 Meister,
1021 2873 1168 2939 Herodas
1191 2893 1221 2955 p.
1241 2874 1315 2954 816,
1351 2868 1441 2936 11οο-

168 2998 274 3060 mann,
299 2998 346 3062 gr.
368 2978 450 3044 Dial.
468 2979 525 3061 111,
549 3001 580 3063 p.
598 2981 677 3056 478;
706 2986 843 3047 metrum
868 2982 1014 3063 postulat
1037 3010 1115 3049 43.
1161 2981 1281 3045 Eadem
1305 2977 1439 3061 genitivi

169 3085 272 3152 forma
295 3091 399 3152 metro
422 3107 486 3153 non
514 3088 701 3171 postulante
729 3089 869 3154 traditur
894 3088 1005 3172 Suppl.
1032 3090 1096 3153 495
1121 3089 1213 3172 (478)
1242 3084 1286 3151 do'
1312 3083 1442 3166 ἄστεως

170 3213 188 3260 o
213 3195 433 3276 suprascripto
457 3196 491 3260 in
514 3196 548 3260 M
572 3196 621 3278 (in
644 3194 709 3262 fine
732 3197 875 3279 senarii).

278 3298 544 3384 dooptrotppd'
580 3301 745 3389 (λάφυρα)
785 3303 872 3387 Sept.
904 3307 967 3369 277
998 3303 1105 3387 (260);
1151 3304 1273 3369 Porson
1313 3302 1444 3384 scripsit

172 3405 399 3493 deopttppd',!
423 3408 461 3474 cf.
485 3410 518 3474 in
543 3414 625 3476 cant.
652 3408 873 3492 desolatores
895 3412 984 3479 Pers.
1010 3413 1061 3493 85,
1092 3409 1276 3494 ὁουρικμής
1299 3408 1443 3491 Ohoeph.

173 3517 236 3581 365
261 3514 365 3601 (354).

277 3624 431 3705 ααρυΐς
464 3622 552 3707 Sept.
579 3626 643 3690 534
666 3624 761 3713 (517)
790 3631 823 3692 et
851 3627 884 3693 in
908 3633 991 3693 cant.
1017 3625 1158 3710 cnoeph.
1185 3629 1236 3691 24.
1283 3625 1356 3692 vide
1380 3642 1444 3689 πα-

174 3733 247 3813 ρεία
269 3728 362 3796 infra.

279 3837 452 3920 μούνωψ
476 3838 580 3905 Prom.
600 3842 665 3906 804
689 3840 791 3923 (802).

281 3943 482 4028 τηλουρός
505 3947 609 4014 Prom.
629 3952 658 4024 l,
682 3949 745 4014 807
771 3949 873 4033 (805).

281 4050 475 4135 ξύνουρος
497 4056 556 4137 Ag.
574 4057 638 4119 495
663 4054 765 4139 (473).

283 4158 350 4242 ζόη
377 4159 437 4243 ing.
463 4164 537 4228 206.
556 4164 586 4248 2,
616 4161 653 4229 ci.
676 4161 858 4245 Hoffmann,
884 4163 938 4230 Gr.
953 4163 1038 4229 Dial.
1055 4163 1113 4244 III,
1138 4182 1170 4245 p.
1189 4165 1262 4231 524.
1299 4181 1317 4228 o
1341 4166 1445 4227 metro

177 4265 392 4349 confirmatur,
417 4287 490 4335 nam
513 4269 728 4354 fragmentum
752 4272 837 4354 apud
854 4270 1010 4338 Galenum
1034 4291 1099 4337 non
1120 4276 1269 4338 accurate
1288 4270 1445 4337 traditum

177 4375 409 4443 restituendum
433 4382 495 4444 est:

433 4483 537 4568 πικρὰ
559 4483 622 4569 γὰρ
646 4520 666 4534 ·
685 4528 704 4551 ο
727 4484 790 4552 κού
815 4483 871 4553 διὰ
895 4485 975 4569 ζόης
994 4487 999 4573 l
1020 4485 1122 4569 depol
1138 4537 1145 4552 .
1161 4535 1190 4552 ..
